2768 4034
431 287 492 348 AD
514 287 720 364 QUINTUM
738 288 948 385 manuum
1100 294 1158 354 165
1181 293 1183 298 ’

220 447 333 508 laetum
345 451 400 520 est,
409 445 522 506 meritis
534 445 596 508 tuis
606 446 815 523 munerentur,
826 447 1026 509 existimabam
1037 449 1158 513 multam

220 539 278 600 tibi
301 539 336 609 in
360 539 398 600 iis
423 538 583 608 honoribus
608 538 727 618 mendis
740 559 871 619 „operum
897 560 961 601 esse
986 541 1159 621 ponendam.

223 631 323 710 Quare
344 630 482 712 quoniam
500 631 534 692 in
555 630 622 692 istis
641 631 765 692 urbibus
782 651 850 692 oum
867 650 980 694 summo
995 632 1116 713 imperio
1129 639 1162 695 et

222 727 371 805 potestate
384 721 516 797 verseris,
527 722 561 783 in
578 723 684 803 quibus
703 728 772 783 tuas
790 723 915 785 virtutes
934 730 1116 786 eonsecratas
1129 730 1161 786 et

222 813 257 876 in
269 813 391 876 deorum
402 833 524 875 numero
538 814 690 876 oollooataa
702 813 791 890 vides,
798 814 832 875 in
841 815 976 876 omnibns
987 816 1076 877 rebus
1088 836 1161 897 quas

224 911 349 986 statues,
368 925 441 987 quea
461 904 608 981 decernes,
628 925 701 986 ques
720 902 797 985 ages,
817 906 887 987 quid
905 905 998 967 tantis
1009 905 1162 969 hominum

224 997 420 1078 opinionibus,
433 997 527 1058 tentis
540 996 577 1059 de
588 1002 621 1058 te
629 997 755 1079 judidio,
767 997 860 1059 tentia
876 996 1035 1060 honoribus
1047 997 1160 1075 debeas,

225 1089 375 1168 eogitebis.
415 1089 454 1150 ld
473 1093 573 1149 autem
589 1089 647 1150 erit
664 1084 806 1170 ejusmodi
816 1081 853 1150 ut
865 1089 998 1161 eonsules
1017 1090 1161 1166 omnibus,

224 1185 262 1242 ut
273 1181 407 1247 medeare
424 1179 614 1241 incommodis
631 1179 791 1260 hominum,
809 1179 961 1261 provideas
973 1179 1070 1257 saluti,
1082 1186 1162 1244 utto

225 1277 379 1354 parentem
390 1272 481 1333 Asiae
494 1276 526 1333 et
540 1271 597 1332 diei
608 1275 640 1332 et
652 1270 753 1332 haberi
767 1272 847 1333 velis.

223 1356 226 1375 ⁷
264 1365 323 1427 XI.
356 1369 404 1427 82.
434 1364 535 1444 Atque
547 1363 616 1425 huie
629 1368 698 1424 tuoe
710 1363 1078 1444 voluntatiaodiligentiae
1091 1361 1162 1426 diffi-

225 1458 366 1520 cultatem
384 1476 519 1536 megnam
538 1457 665 1517 afferunt
684 1455 840 1536 publicani,
860 1456 966 1537 quibus
986 1455 1012 1516 si
1032 1456 1162 1519 edvema·

223 1571 297 1627 mur,
311 1549 443 1613 ordinem
456 1548 493 1611 de
504 1549 590 1610 nobis
603 1549 713 1630 optime
726 1549 864 1610 meritum
876 1553 907 1610 et
919 1562 973 1631 'per
981 1569 1036 1610 nos
1049 1569 1116 1610 eum
1128 1570 1162 1612 re

222 1643 338 1724 publiea
352 1641 540 1722 eonjunotum
552 1644 585 1701 et
598 1661 616 1702 a
627 1639 713 1702 nobie
726 1645 758 1701 et
771 1660 830 1701 are
842 1641 958 1721 publiea
968 1640 1160 1722 dijungemns.

223 1735 277 1816 Sin
297 1738 396 1795 autem
418 1731 554 1794 omnibns
574 1733 608 1794 in
627 1734 716 1795 rebus
736 1733 937 1814 obsequemur,
958 1732 1093 1794 funditus
1110 1754 1162 1796 eos

223 1825 318 1906 posite
330 1825 475 1906 patiemur
487 1844 612 1905 quorum
631 1844 695 1887 nou
711 1824 798 1885 modo
811 1823 901 1886 suluti
913 1825 967 1886 aed
984 1824 1073 1886 etiam
1085 1845 1161 1887 oom-

223 1918 318 1979 modia
330 1916 482 1978 consulere
496 1916 644 1981 debemus.
683 1916 769 1977 Heeo
781 1920 828 1977 est
839 1936 907 1990 una,
921 1916 1026 1977 aivere
1035 1917 1162 1995 eogitare

223 2009 367 2084 volumus,
379 2008 413 2068 in
424 2013 490 2069 toto
503 2007 625 2089 imperio
637 2011 691 2069 tuo
705 2006 868 2070 diffioultoa.
908 2008 987 2069 Nam
997 2027 1061 2069 esse
1074 2008 1162 2069 absti-

223 2105 353 2176 nentem,
367 2099 517 2162 continere
529 2119 630 2161 omnes
648 2098 832 2180 cupiditates,
850 2118 919 2160 suos
936 2118 1076 2175 ooeroere,
1086 2099 1162 2180 juris

224 2193 404 2274 aequabilem
414 2196 515 2252 tenere
523 2190 676 2267 rationem,
686 2190 801 2252 fusilem
811 2211 842 2252 se
849 2191 882 2251 in
890 2191 979 2253 rebus
989 2211 1162 2270 eognosoen·

225 2285 279 2360 dis,
310 2285 344 2345 in
367 2282 535 2345 hominibus
561 2282 713 2345 audiendis
739 2282 983 2364 admittendisque
1014 2284 1161 2364 praebere,

226 2537 353 2588 Semel&
370 2537 680 2601 Thesewordsexpreasthe
710 2537 784 2596 oreo:
800 2537 848 2586 aad
861 2539 920 2602 they
934 2537 1062 2602 supported
1079 2537 1161 2588 ciseio

219 2729 271 2778 lud
283 2744 317 2779 no
327 2744 395 2792 nimy
403 2728 451 2777 eud
463 2743 496 2777 no
505 2743 566 2777 ware
576 2729 680 2778 onheud
709 2728 1048 2778 tbedesuuetionoiulleredit.
1057 2729 1160 2778 Cieeso'a

226 2790 303 2858 (el).
337 2792 504 2855 Heoompares
516 2792 680 2855 anotherpas·
710 2792 830 2840 ehuaoter
845 2791 874 2840 oi
888 2792 953 2841 them
970 2791 992 2840 is
1007 2794 1051 2840 net
1068 2795 1161 2855 agood

225 2855 416 2920 ugeoicieero
433 2854 597 2920 (Philini
614 2855 680 2919 “qui
710 2855 871 2914 ouegforhe
888 2854 1160 2919 sayathatifQuintus

224 2918 680 2984 togatusinre'publieaoumpotestste
708 2918 1162 2981 letummmueirowmmueea

225 2984 482 3048 impuioqnevesaatns
489 2981 549 3042 ἐπ”
558 2982 679 3048 aud(0‚at.
710 2982 806 3032 farmm
816 2981 845 3031 oi
851 2982 893 3032 the
901 2986 968 3039 tenes
975 2982 1052 3031 would
1063 2997 1162 3046 oppress

225 3047 681 3114 ill)=“edsummnmimperinmper
711 3046 878 3109 theprovinee.
899 3047 1165 3110 Tbemuuagemmtoi

225 3126 309 3163 omnes
328 3111 446 3162 bonorum
465 3111 551 3174 grndus
570 3109 680 3177 extulit”
710 3110 777 3159 these
789 3109 1032 3175 greedyfellowawas
1045 3111 1163 3174 thepeat

225 3176 279 3225 The
299 3176 402 3240 military
422 3176 505 3224 motion
524 3175 601 3224 vhieh
620 3175 680 3237 boys
710 3173 1166 3238 difficultyintheadmiuistmdonoi

225 3247 267 3290 ste
283 3240 370 3301 taught
382 3244 409 3288 to
424 3240 504 3288 abach
518 3242 545 3288 to
558 3239 681 3288 thisvord
712 3237 821 3291 Quium

224 3303 390 3353 isablundes.
740 3301 772 3350 Ia
791 3302 864 3350 rebus
883 3300 1072 3365 evenenandis]
1104 3300 1163 3351 uun

259 3369 298 3418 ll.
314 3365 465 3430 Publiceni]
498 3364 679 3415 Heoullsthem
710 3362 1164 3428 meauniuhearinganddetemlning

224 3444 257 3478 ω
279 3429 477 3542 nome
493 3432 681 3541 mm
710 3427 1163 3554 milensimam

225 3493 439 3621 ffllqlllbliml
449 3506 627 3634 'blllonmeqas
644 3555 680 3605 el·
843 3505 861 3556 l
967 3506 978 3553 l
