2768 4034
436 301 741 367 EPISLOLABUM
758 303 880 366 LIBRI
898 303 999 366 Duo.
1126 307 1185 367 203

247 456 323 518 illud
334 456 529 519 certissimum
541 458 626 539 cujus
638 479 725 520 cause
740 457 861 521 invento
872 481 920 527 res
932 460 997 541 ipse
1009 465 1064 535 eet,
1077 465 1114 522 ut
1127 480 1188 522 cer·

248 548 339 608 tiores
352 547 512 608 faceremus
524 550 669 625 absentes,
683 549 710 610 si
722 549 792 630 quid
804 558 883 613 esset
895 552 973 632 quod
986 571 1037 612 eos
1050 550 1123 612 scire
1136 556 1189 613 eut

249 644 353 699 nostre
373 644 427 699 out
445 638 577 719 ipsorum
594 641 760 702 interesset.
799 642 902 722 Hujus
919 641 1035 721 generis
1051 642 1152 704 litores
1171 662 1191 704 e

251 749 300 790 me
312 729 443 810 profecto
455 750 516 791 non
534 736 692 812 exspectes.
733 731 861 794 llaec-um
873 733 952 793 enim
967 753 1067 795 rerum
1079 733 1189 796 domes-

252 819 328 880 ticos
340 820 430 881 hebes
443 825 475 881 et
488 822 643 903 scriptores
656 828 687 884 et
695 823 826 885 nuntios.
856 825 896 885 In
904 824 977 886 meis
989 829 1088 886 eutem
1101 825 1190 887 rebus

253 911 329 970 nihil
341 916 387 970 est
400 931 470 972 sene
482 913 559 975 novi.
592 914 717 994 Reliqua
729 918 801 974 sunt
812 914 1001 994 epistolarum
1013 935 1120 994 genere
1133 915 1190 978 duo

254 1022 329 1082 quse
342 1022 390 1063 me
401 1004 507 1082 megno
525 1024 613 1085 opere
631 1004 794 1080 dclectnnt;
812 1025 905 1066 unum
919 1006 1060 1068 familiare
1071 1012 1104 1068 et
1112 1007 1191 1089 joco·

255 1113 331 1167 sum,
344 1093 470 1154 ultorum
489 1115 621 1156 severum
638 1100 669 1156 et
686 1116 781 1175 greve.
821 1094 900 1158 Utro
917 1097 1078 1158 meminus
1092 1099 1192 1160 decest

255 1184 304 1244 u'ti
325 1203 388 1245 non
406 1184 547 1265 intelligo.
587 1187 713 1248 Jocerne
736 1191 834 1248 tecum
856 1207 909 1268 per
928 1187 1052 1250 litores?
1093 1188 1193 1251 civem

257 1275 423 1337 mehercule
434 1296 496 1337 non
508 1282 581 1357 puto
594 1298 657 1339 esse
671 1277 721 1358 qui
732 1278 912 1359 temporibus
923 1279 970 1340 his
983 1278 1078 1340 ridere
1090 1280 1192 1362 possit.

258 1367 310 1427 An
330 1368 447 1447 gravius
468 1368 577 1449 aliquid
596 1368 743 1435 scribam?
765 1369 835 1449 quid
856 1373 903 1430 est
920 1370 998 1452 quod
1015 1370 1109 1452 possit
1129 1392 1194 1452 gre·

258 1458 336 1520 riter
354 1481 373 1521 c
391 1459 532 1522 Cicerone
553 1460 639 1522 scribi
658 1461 696 1522 ed
709 1460 866 1530 (lurionem
884 1461 943 1523 nisi
955 1462 992 1524 de
1004 1483 1037 1523 re
1054 1462 1194 1543 publicar

259 1553 360 1630 Atque
373 1551 407 1612 in
418 1551 475 1613 hoo
487 1572 594 1631 genere
602 1553 672 1614 haec
683 1569 749 1614 mee
760 1560 910 1630 causaest,
921 1560 956 1615 ut
968 1574 1063 1634 neque
1076 1575 1111 1618 ee
1120 1575 1195 1636 quse

259 1664 341 1705 nuno
360 1643 457 1706 sentio
475 1644 560 1705 velim
579 1645 710 1707 scribere.
752 1645 953 1722 Quamobrem,
967 1645 1104 1727 quonism
1122 1647 1196 1708 mihi

259 1735 375 1797 nullum
388 1734 534 1797 scribendi
550 1742 753 1816 argumentur
770 1737 904 1798 relictum
923 1743 979 1813 est,
991 1742 1060 1800 uter
1072 1758 1106 1799 ec
1118 1739 1195 1801 cleu-

262 1827 327 1888 sule
346 1848 404 1909 que
424 1828 511 1904 soleo,
524 1833 611 1909 teque
632 1829 670 1890 ed
689 1828 818 1890 studium
837 1828 1077 1904 summselsudie
1096 1829 1197 1891 cohor·

261 1919 356 1984 tabor.
397 1921 455 1981 Est
480 1921 558 1981 enim
582 1920 639 1981 tihi
667 1920 761 2000 gravis
789 1921 950 1981 adveneris
978 1920 1140 1983 constitute
1166 1927 1198 1982 et

262 2018 373 2092 persto,
394 2010 579 2074 incredibilis·
594 2012 733 2093 quaedem
759 2011 944 2092 exspectatio,
968 2031 1054 2093 quem
1079 2015 1117 2073 tu
1137 2032 1198 2074 uns

262 2125 297 2165 re
311 2103 447 2164 facillime
459 2103 566 2179 vinces,
580 2103 607 2165 ei
623 2104 678 2164 hoc
699 2103 846 2177 statueris,
860 2123 981 2183 querum
1000 2101 1120 2163 lendum
1139 2103 1200 2183 glo·

262 2195 338 2256 riom
350 2195 501 2271 memorie
515 2195 621 2276 quibus
641 2195 752 2256 ortibus
765 2214 817 2256 eae
828 2195 928 2256 leudes
944 2199 1156 2275 comparentur,
1168 2195 1201 2256 in

262 2287 300 2348 iis
326 2307 391 2348 esse
417 2286 632 2354 elaborandum.
682 2286 722 2348 In
744 2287 820 2348 hono
846 2286 1023 2349 sententiam
1046 2285 1202 2349 scriberem

263 2379 357 2460 pluro,
370 2379 430 2442 nisi
441 2384 474 2441 te
486 2383 540 2442 tus
558 2384 664 2461 sponte
682 2377 753 2440 selis
765 2377 921 2447 incitatum
936 2398 1000 2440 esee
1012 2378 1202 2440 confideremr

264 2477 297 2533 et
309 2472 365 2532 hoc
378 2471 520 2553 quidquid
536 2471 625 2551 attigi
635 2491 698 2532 non
713 2470 771 2532 ieci
785 2470 982 2531 indnmmsndi
994 2468 1041 2531 tui
1053 2489 1140 2532 cauea
1151 2468 1204 2531 sed

264 2563 443 2624 testificandi
454 2562 561 2624 amoris
573 2561 640 2623 mei
1005 2581 1012 2592 ·

295 2730 391 2778 Nostra
411 2731 455 2778 out
474 2729 582 2792 prorum

628 2727 721 2786 holes-
753 2726 781 2775 oi
799 2729 858 2776 ‘not
878 2725 945 2776 even’
965 2726 988 2777 is
1005 2726 1064 2776 need
1081 2726 1115 2792 by
1134 2726 1203 2792 Ilry,

264 2807 304 2842 eor
314 2793 370 2856 Key
380 2791 524 2857 (Grsmmer.
542 2794 591 2843 91⁰
616 2791 722 2855 explm‘ne
752 2790 857 2848 Tacitus,
870 2791 1092 2849 endlnterwritere,
1107 2790 1152 2841 but
1160 2794 1205 2841 not

264 2854 722 2918 ‘nostrsinterset'tohescorroption
752 2853 886 2965 bpcioero.
920 2854 1204 2918 Stillthitsingleexem-

264 2917 618 2970 oi‘noetmminterremeet.'
647 2918 723 2968 Iithe
754 2917 1144 2982 peinOiceromoyhegonoine.

265 2984 556 3098 mm
568 2983 723 3096 131111
784 2982 987 3107 mliii„
999 2982 1134 3096 husu
1150 2996 1207 3097 h

298 3113 384 3175 Neque
394 3112 433 3176 eo]
468 3062 572 3174 Perhspl
589 3062 724 3174 edmething
754 3051 864 3168 m
880 3109 967 3168 Cicero
984 3126 1046 3173 seyr,
1065 3125 1124 3188 gese
1141 3114 1209 3174 greet

265 3176 415 3235 momitted,
432 3175 470 3225 for
485 3190 522 3224 we
538 3175 724 3238 shouldexpect
754 3173 828 3237 hopes
849 3173 878 3222 oi
894 3174 933 3222 his
953 3175 1033 3236 future
1050 3189 1136 3224 cerem.
1168 3175 1209 3225 On

266 3241 367 3290 another
378 3241 479 3304 ‘neque'
490 3238 604 3297 or‘uec,’
614 3238 723 3288 followed
753 3237 983 3289 hisretnrnhswss
997 3237 1087 3288 elected
1099 3238 1209 3288 hibunue

266 3304 301 3367 by
321 3305 456 3366 something
480 3303 536 3352 elec.
575 3302 657 3366 sepes
679 3302 724 3352 hes
754 3299 836 3364 plebis,
858 3314 909 3351 no.
930 3303 970 3360 w.
987 3305 1015 3351 ct
1034 3317 1050 3350 e
1065 3302 1123 3350 time
1140 3302 1209 3351 when

268 3372 313 3417 ‘nt
326 3383 358 3417 ne
373 3382 402 3417 ee
412 3368 508 3431 quidem
518 3365 596 3430 quse‚'
611 3366 688 3416 which
703 3366 726 3415 is
757 3363 900 3413 &mend
910 3364 956 3420 Cn.
967 3365 1093 3428 Pompdur
1106 3365 1162 3414 held
1177 3365 1209 3415 ull

266 3444 351 3495 every
364 3431 479 3496 probeble
496 3430 654 3480 emendation.
687 3430 726 3479 He
755 3428 797 3478 the
813 3441 901 3491 power,
919 3428 967 3478 end
982 3443 1044 3479 were
1060 3429 1209 3493 reedyiors

267 3491 553 3558 observecthot‘ueque'
565 3496 592 3543 ln
605 3494 726 3543 thesense
756 3491 858 3555 queml.
