2768 4034
205 287 269 347 110
571 282 778 351 ulmus,

206 440 358 502 inimicum
370 459 435 501 esse
447 439 560 521 posse?
601 439 683 517 Quin
695 440 785 503 etium
796 455 917 521 necesse
929 445 987 506 erit
999 465 1106 526 cupere
1119 452 1151 509 et

207 537 310 613 optare
321 537 358 593 ut
371 551 459 612 quum
475 531 643 612 saepissime
661 539 763 614 peccet
782 533 902 611 amicum,
915 555 974 617 quo
986 536 1086 617 plures
1099 538 1151 600 det

207 624 264 686 sibi
275 629 425 703 tamqnam
440 643 531 710 Q
547 623 585 684 ed
603 624 892 704 reprehendendum
911 647 1031 689 rursum
1050 634 1150 692 cutem

206 719 287 777 recte
310 715 399 776 Μία
425 714 641 796 commodisque
663 715 822 784 amicorum
847 737 967 780 necesse
990 718 1048 781 erit
1070 722 1149 801 ungi,

206 806 312 882 dolere,
338 805 478 868 invidere.
530 810 578 868 60.
613 806 712 882 Quare
737 807 793 869 hoc
819 807 935 889 quidem
960 818 1149 894 praeceptum

205 898 407 979 cujuscunque
432 903 479 959 est
504 897 543 960 ed
567 899 726 985 tollendum
753 900 911 962 amicitiem
934 902 1022 965 velet.
1067 905 1149 966 Illud

205 989 306 1069 potius
318 988 553 1070 praecipiendum
562 989 671 1064 fuitut
680 1011 745 1051 eum
755 990 935 1072 diligentium
944 993 1149 1060 adhiberemus

204 1081 239 1141 in
250 1080 386 1142 amicitiis
399 1081 599 1162 comparandis
612 1086 648 1142 ut
659 1102 699 1143 ne
712 1082 829 1162 quondo
843 1104 940 1145 umere
951 1084 1147 1166 inciperemus

205 1191 274 1232 eum
296 1190 382 1253 quem
408 1171 563 1252 aliquando
586 1172 682 1234 odisse
702 1192 864 1253 possemus.
905 1175 987 1251 Quin
1007 1177 1097 1238 etium
1121 1179 1148 1240 αί

204 1262 302 1323 ίίίίίίίία
315 1262 415 1327 felices
434 1263 468 1324 in
487 1260 640 1342 deligendo
659 1263 826 1341 firissemus‚
839 1266 993 1337 ferendum
1004 1266 1036 1328 id
1050 1269 1147 1350 Scipio

203 1353 304 1433 potius
317 1373 405 1435 quum
416 1353 634 1416 inimicitiarum
646 1360 764 1437 tempus
777 1357 966 1437 cogitandum
977 1360 1111 1440 putebat.

244 1446 352 1510 nvn.
384 1449 432 1508 61.
460 1446 521 1508 His
543 1447 636 1528 igitur
657 1448 765 1517 finibus
785 1450 931 1516 utendum
953 1450 1086 1528 arbitror,
1110 1457 1148 1514 ut

205 1558 297 1618 quum
309 1538 457 1601 emenduti
475 1560 571 1602 mores
590 1539 748 1604 amicorum
771 1541 840 1618 sint,
853 1547 920 1604 tum
940 1542 980 1604 sit
998 1543 1078 1606 inter
1095 1565 1147 1625 eos

206 1633 336 1694 omnium
349 1653 455 1708 rerum,
470 1633 664 1708 consiliorum,
677 1634 863 1695 voluntatum
883 1636 947 1696 sine
966 1636 1027 1696 ulle
1045 1657 1146 1720 excep-

204 1724 288 1799 tione
308 1725 509 1801 communites,
521 1730 558 1788 ut
578 1725 676 1814 etium,
695 1726 722 1787 si
738 1746 796 1807 que
813 1726 933 1788 fortune
953 1728 1090 1790 occiderit
1109 1736 1147 1791 ut

205 1817 303 1878 minus
311 1818 411 1899 justes
423 1817 581 1888 amicorum
592 1816 760 1879 voluntates
773 1818 951 1899 edjuvuudce
964 1819 1070 1880 sintin
1083 1821 1147 1901 qui·

205 1909 260 1971 bus
274 1929 375 1971 eorum
387 1913 441 1970 cut
450 1914 539 1991 caput
551 1915 658 1989 egetur
670 1915 724 1970 uut
740 1909 826 1986 farne,
841 1909 1044 1971 declinandum
1056 1911 1096 1973 eit
1109 1913 1147 1974 de

203 2001 258 2075 uis,
271 2000 358 2062 modo
377 2021 418 2063 ne
438 2021 552 2063 summe
570 2000 725 2083 turpitudo
747 2006 902 2081 sequetur:
923 2007 969 2063 est
987 2001 1065 2064 enim
1077 2024 1146 2084 qus·

203 2097 292 2154 tenus
305 2092 448 2155 amicitiae
461 2092 617 2172 durirenis
628 2093 731 2175 possit.
758 2094 791 2154 N
791 2114 825 2156 ec
834 2114 903 2156 vero
912 2094 1087 2174 negligendo
1099 2102 1147 2158 est

202 2185 287 2261 seme,
309 2204 364 2246 nec
390 2185 535 2246 mediocre
559 2185 653 2246 telum
678 2185 717 2245 ud
741 2205 789 2246 res
811 2185 954 2265 gerendus
980 2186 1146 2251 existimare

203 2283 320 2358 oportet
340 2277 573 2338 benevolentium
593 2271 708 2352 civium,
721 2283 808 2358 quum
827 2267 977 2339 blanditiis
996 2279 1028 2339 et
1047 2299 1145 2364 pesen-

202 2370 293 2431 tendo
316 2369 452 2449 colligere
470 2374 560 2450 turpe
580 2375 643 2431 est:
663 2369 758 2430 virtus
778 2390 866 2451 quem
885 2370 1018 2450 sequitur
1038 2371 1146 2433 ceritas

202 2461 321 2523 minime
342 2461 524 2544 repudiandi
546 2467 601 2523 est.
642 2465 690 2523 62.
711 2461 769 2522 Sed
792 2481 878 2543 saepe
899 2453 978 2540 enirn
1000 2462 1086 2524 redeo
1108 2458 1146 2524 ud

236 2606 274 2661 17.
290 2605 341 2654 ῙΓαα
357 2605 435 2667 latter
447 2605 656 2668 fluibus-sequo-
687 2601 770 2663 sunt,”
778 2603 855 2652 which
865 2603 929 2666 gives
939 2617 954 2652 o
963 2603 1074 2652 fiderent
1081 2602 1146 2653 form

204 2669 273 2733 ure]
307 2667 656 2732 connumeremur
687 2668 889 2717 edomemus.
922 2655 1147 2729 ‘Dccdmndumde

220 2747 300 2796 usssge
315 2732 344 2781 ol
358 2731 448 2782 cicero.
481 2731 522 2781 He
538 2746 591 2795 seps
603 2733 657 2780 dist
687 2732 726 2791 vlu
745 2729 798 2780 sitr'
825 2731 937 2799 Scyth—⁸
947 2731 1030 2780 Virtus
1048 2730 1144 2795 qucmc’

203 2747 378 2860 i'hoophrsstns
399 2795 459 2860 fully
479 2795 599 2845 dlscrssed
615 2796 657 2845 the
688 2794 852 2848 ‘virtus'does
861 2798 982 2844 notmesn
989 2795 1145 2858 rimuegsue-

203 2864 297 2919 mutter,
317 2859 394 2909 which
415 2860 437 2909 ls
565 2859 612 2909 ded
630 2859 658 2908 iu
687 2860 755 2923 sully,
777 2874 804 2908 ss
823 2858 866 2907 the
886 2863 983 2907 context
1003 2857 1087 2907 shows.
1120 2859 1146 2908 It

203 2923 431 2974 memororum
483 2923 657 2987 thischupten
688 2937 770 2972 mouns
790 2924 859 2972 those
879 2923 968 2972 virtues
988 2937 1016 2984 or
1036 2922 1146 2986 qrolides

203 2988 506 3052 sudllhismemurydoes
513 2991 557 3037 not
566 2988 659 3038 dweive
690 2988 938 3051 whichgsinesteem.

203 3052 659 3111 him,iemintu0ursebookofhu
725 3053 775 3101 Sed
784 3066 855 3114 saepe
865 3050 940 3114 mim]
973 3048 1146 3120 Orelll'sresd·

202 3117 308 3177 tmolus
319 3132 353 3167 on
372 3116 509 3180 friendsfflp,
531 3116 608 3166 which
627 3116 660 3164 hs
689 3115 732 3181 ing
740 3116 771 3175 is,
786 3116 856 3165 “Sed
872 3114 1061 3178 scope—etenim
1074 3114 1146 3163 redeo

202 3180 286 3230 thinks
301 3183 355 3230 tlrst
365 3181 448 3239 Cicero
461 3181 510 3230 lud
524 3181 582 3230 resd
593 3179 660 3228 when
692 3176 1050 3243 „amidis-querebam?
1068 3179 1148 3228 There

204 3245 315 3295 hewrote
324 3245 362 3294 his
371 3246 469 3294 {restim
479 3260 512 3294 on
521 3245 660 3330 friendshlp.
691 3245 713 3293 is
728 3259 761 3293 no
777 3244 853 3293 doubt
866 3245 921 3292 thet
937 3242 1033 3304 'nepe'
1047 3242 1147 3304 belom

204 3309 295 3358 Gellius
321 3309 452 3372 complutus
479 3309 533 3357 thet
559 3308 662 3358 Ciceros
692 3313 719 3356 to
735 3308 819 3356 ‘redeo
827 3306 843 3365 ς’
859 3307 906 3355 sud
921 3306 935 3355 1
951 3306 1012 3360 heve
1028 3306 1148 3355 therefore

203 3373 261 3431 mle,
273 3369 456 3432 ‘declinandum
471 3372 520 3430 sit,’
533 3376 576 3421 &c
586 3373 608 3421 is
617 3375 662 3432 not
692 3371 800 3421 followed
816 3370 922 3448 Seyffert,
934 3371 1081 3432 ercupttlrst
1091 3364 1105 3418 1
1115 3369 1148 3419 do

202 3437 300 3500 precise.
333 3436 660 3499 luthepsssegeotcicero,
691 3440 736 3483 not
754 3435 824 3484 think
844 3439 865 3483 ut
884 3447 1008 3495 necessary
1026 3436 1053 3481 to
1072 3433 1148 3494 crios,

204 3514 230 3548 αα
241 3501 329 3562 quoted
345 3500 379 3562 by
394 3499 492 3559 Gellius,
510 3500 553 3548 the
565 3499 663 3561 meing
693 3501 709 3528 ‘⁴
719 3499 883 3561 Sed-ssepe.
894 3531 902 3547 .
914 3496 1148 3558 ‚mium—quero·

206 3562 284 3628 opu
295 3563 412 3629 Gronov.)
429 3567 445 3593 ‘¹
454 3563 575 3614 emended
585 3577 662 3623 mores
693 3561 787 3613 bstur.”
819 3563 845 3612 lt
861 3562 883 3612 is
899 3560 988 3611 obsurd
1002 3563 1030 3610 to
1045 3573 1149 3624 suppose
