2768 4034
212 296 253 355 96
295 293 296 298 ’
588 289 777 352 ulmus,

212 449 347 525 contulit,
366 467 475 530 poenas
493 447 539 510 rei
559 446 691 528 publicae
711 465 812 526 graves
828 444 982 527 justasque
1000 445 1151 526 persolvit.

214 538 646 621 Nullaestigiturexcusatio
664 536 925 620 peccatisiamici
945 557 1032 599 causa
1052 557 1151 619 peeca-

213 632 479 714 reris3namquum
485 629 664 693 conciliatrix
671 628 814 692 amicitiae
820 628 938 691 virtutis
946 628 1045 710 opinio
1052 628 1151 705 fuerit,

214 723 329 785 difficile
341 728 388 785 est
400 721 558 785 amicitiam
573 741 690 784 maneae
709 720 896 783 sinuatute
914 720 1062 782 deieceris.
1102 724 1151 782 88.

216 814 304 891 Quod
316 815 343 876 ei
353 820 468 876 rectum
481 813 669 876 statuerimus
677 814 724 876 rel
733 813 889 875 concedere
902 813 1001 874 amicis
1011 813 1153 893 quidquid

213 907 306 968 velint
318 906 365 968 rel
376 906 532 986 impetrare
550 906 587 968 ab
599 905 636 967 iis
654 904 794 986 quidquid
804 904 934 992 velimus,
947 905 1077 985 perfecta
1089 904 1152 987 qui·

215 998 281 1059 dem
294 998 437 1079 sapientia
449 998 548 1072 simua
557 997 584 1058 si
594 996 668 1058 nihil
680 996 786 1058 habeat
798 1017 846 1057 res
853 996 932 1057 vitii:
947 996 998 1057 sed
1006 995 1153 1077 loquimur

216 1088 253 1150 de
270 1088 308 1149 iis
327 1089 426 1151 amicis
445 1089 497 1170 qui
517 1093 588 1150 ante
607 1088 706 1150 oculos
726 1093 805 1162 sunt,
819 1107 892 1169 quos
903 1088 1028 1149 vidimus
1047 1093 1099 1148 aut
1115 1087 1152 1149 ds

215 1180 321 1260 qualrus
340 1181 507 1242 memoriam
526 1179 785 1261 accepimus,-quos
804 1177 887 1240 norit
903 1178 963 1239 rita
981 1179 1151 1240 communis.

216 1270 263 1333 Ex
281 1271 337 1334 hoc
354 1292 476 1333 numero
493 1271 578 1334 uobis
599 1271 731 1352 exempla
749 1271 889 1332 sumenda
908 1275 987 1346 sunt,
1000 1274 1032 1330 et
1052 1290 1153 1330 eorum

217 1363 335 1444 quidem
346 1362 469 1424 maxime
480 1362 532 1445 qui
544 1362 582 1424 ad
594 1361 766 1443 sapientiam
777 1361 907 1442 proxime
919 1360 1069 1423 accedunt.
1103 1365 1152 1422 39.

218 1455 360 1518 Videmus
373 1456 486 1536 Papum
497 1454 657 1517 Aemilium
669 1455 703 1516 0.
717 1453 845 1516 Luscino
864 1453 1034 1514 familiarem
1052 1452 1152 1526 fuisse,

221 1547 278 1626 (sio
296 1567 315 1608 a
333 1547 465 1628 patribus
484 1545 667 1628 accepimus)
681 1545 727 1608 bis
746 1567 807 1607 una
824 1545 967 1628 consules,
980 1546 1104 1624 collegas
1121 1545 1153 1606 in

218 1657 356 1700 censurat
384 1644 450 1699 tum
475 1643 507 1700 et
532 1658 599 1700 cum
623 1637 660 1699 iis
686 1642 718 1699 et
743 1638 822 1699 inter
844 1657 876 1699 se
901 1636 1153 1718 conjunctissimos

218 1731 309 1792 foisse
318 1731 374 1792 Μ’.
385 1729 506 1792 (larium
519 1736 551 1791 st
560 1729 604 1791 ni.
615 1728 829 1792 Coruncanium
837 1729 993 1790 memoriae
1004 1728 1153 1809 proditum

219 1827 273 1884 cst.
319 1821 418 1902 Igitur
439 1841 478 1882 ne
502 1819 642 1901 suspicari
665 1819 781 1901 quidem
804 1839 959 1901 pessuma
981 1839 1154 1901 quemquam

217 1912 321 1973 horum
333 1912 370 1974 ab
383 1911 475 1973 amico
488 1910 636 1993 quidpiam
655 1909 840 1973 contendisse
852 1911 931 1990 quod
943 1915 1045 1973 contm
1057 1910 1152 1984 fidem,

217 2007 319 2065 contra
335 2002 549 2085 jusjurandum,
571 2008 674 2065 contra
693 2022 757 2063 rem
779 2002 925 2083 publicam
947 2008 1034 2064 esset.
1074 2003 1153 2063 Nam

216 2094 271 2157 hoc
283 2094 400 2175 quidem
418 2093 451 2155 in
462 2094 571 2156 talibus
583 2093 654 2157 viris
666 2093 737 2175 quid
754 2094 863 2157 attinet
878 2095 982 2171 dicere,
995 2095 1022 2156 si
1034 2100 1154 2158 conten·

217 2185 315 2260 disset,
337 2185 563 2266 impetraturum
587 2207 650 2248 non
674 2186 774 2262 faiam,
798 2206 889 2267 quum
909 2186 954 2248 illi
980 2186 1155 2248 sanctissimi

134 2343 136 2347 f
216 2276 271 2340 riri
282 2276 401 2354 lucent,
414 2298 505 2359 aeque
525 2282 623 2341 autem
641 2278 723 2340 nefas
744 2278 784 2340 sit
802 2279 863 2340 tals
881 2278 990 2359 aliquid
1009 2284 1041 2340 et
1059 2278 1154 2340 facere

216 2374 350 2450 rogatum
363 2375 394 2431 et
405 2369 534 2450 rogare?
572 2371 617 2434 At
628 2389 697 2432 reno
709 2369 754 2431 Ti
771 2369 936 2432 Gracchum
956 2371 1154 2450 sequebantur

219 2461 253 2523 0.
268 2462 370 2537 (larba,
386 2462 419 2524 0.
435 2461 518 2537 Octo,
531 2467 563 2523 et
581 2461 701 2524 minime
719 2467 794 2524 tunc
811 2461 928 2543 quidem
947 2461 1036 2524 Gaius
1053 2461 1153 2537 frater,

218 2572 297 2613 nunc
308 2553 386 2614 idem
397 2553 562 2615 acerrimus

219 2731 497 2794 dinarycommissionto
512 2732 605 2796 inquire
617 2733 669 2783 lato
700 2731 1031 2793 alamanniamque·
1047 2731 1154 2793 Madvig.

219 2731 788 2908 ffioelmoeomffsnoesagainstthehp
757 2795 842 2861 mam]
868 2795 1154 2848 HismmewasQAa·

326 2859 560 2920 Blossiuswitsesms
571 2859 671 2910 druded
701 2860 780 2909 milius
791 2858 1102 2923 Papuabutlaeliusputs
1063 2860 1155 2908 anthe

218 2923 313 3036 :aad
322 2892 673 3038 nstitutus
702 2938 801 2986 ω
798 2923 1153 3048 ,⁶¹²l'l⁸li.⁰l“‘¹¹⁶¹”⁸²⁴

218 3050 261 3099 aa
281 3001 342 3101 aia
374 3002 673 3102 desidiam
702 3001 1154 3117 ffl3.m„a3a·⁰⁰m⁰¹²

218 3114 355 3228 llll
369 3114 671 3258 idiomati:
701 3116 1060 3258 immin
1058 3115 1154 3244 ἓξὲξ

217 3241 454 3292 andtheflcaerolse
466 3243 612 3293 wsaehis
702 3243 1104 3306 Immediatalyalterthedeathof
1115 3245 1154 3293 Ti.

216 3305 478 3368 aadpatroniatllom
455 3322 501 3357 me.
535 3307 671 3359 Hesncou-
703 3306 829 3366 Gracchus,
844 3307 994 3356 hisbrother
1009 3307 1155 3371 Caiaskept

218 3431 264 3480 His
216 3369 340 3496 atoni-y
348 3369 671 3500 gfflldyinPldiarmclimm&
701 3370 1129 3499 fficiihemdmwtlhollSdpMn
1059 3370 1095 3420 At
1112 3373 1155 3421 the

218 3494 316 3545 Gmcch.
328 3494 416 3575 ⁰2²⁰)·
703 3495 759 3560 las)
749 3433 1155 3562 )‚inwuch1snthedialogiala

250 3559 310 3623 Sap.
328 3562 409 3620 amaa,
429 3559 464 3625 si]
500 3561 671 3627 Sapientiae!
701 3561 818 3624 supposed
844 3567 871 3613 to
896 3563 956 3614 lura
980 3560 1054 3612 taken
1079 3561 1154 3625 placa,
