2768 4034
216 284 275 351 aba
589 282 780 345 aluums.

214 453 334 524 necesse
346 448 392 506 est
405 462 472 504 cum
485 430 581 523 aliqua
593 460 664 511 cura
674 461 723 503 res
737 440 793 503 sibi
811 444 970 505 contrmim
983 448 1157 522 aspernetur

213 543 301 618 atque
314 535 417 610 oderit,
429 540 467 597 ut
484 533 601 596 bonitas
622 534 771 608 malitiam,
784 534 979 614 temperantia
995 530 1156 612 libidinem,

213 627 358 709 ignavim
377 627 532 689 fortitudo.
571 625 678 706 Itaque
695 624 793 686 videar
812 626 900 687 rebus
920 625 1040 707 injustis
1056 627 1156 707 justos

213 721 336 782 maxima
363 720 469 795 dolere,
493 717 660 780 imbellibus
685 716 786 793 fortes,
812 716 965 797 flagitiosis
997 717 1154 781 modestos.

212 813 292 893 Ergo
312 813 368 874 hoc
388 809 539 893 proprium
559 815 606 871 est
629 808 719 870 animi
737 809 813 870 bene
832 808 989 870 constituti
1007 815 1039 871 et
1051 810 1154 872 laetari

212 905 297 968 bonis
309 905 397 967 rebus
410 908 442 964 et
455 903 552 964 dolore
566 900 728 963 contrariis.
760 904 811 962 48.
828 899 1022 979 Quamobrem
1036 901 1154 964 ai‘cadit

211 995 245 1058 iu
262 996 423 1077 sapientem
442 994 532 1056 animi
545 993 635 1069 dolor,
648 993 700 1072 qui
716 993 847 1074 proiecto
867 993 954 1068 cadit,
966 994 1025 1055 nisi
1040 996 1153 1077 exejus

211 1087 309 1148 animo
328 1086 517 1168 exstirpatam
535 1085 751 1166 humanitatem
771 1085 954 1160 arbitramur,
973 1107 1046 1166 quae
1065 1108 1154 1150 causa

211 1183 258 1252 est
280 1198 334 1240 cur
356 1177 512 1238 amicitiam
534 1176 670 1238 funditus
693 1176 830 1237 tollamus
854 1177 958 1253 evita,
982 1199 1020 1238 ne
1040 1178 1151 1260 aliquas

210 1274 332 1352 propter
343 1278 408 1332 eam
421 1269 611 1350 suscipiamus
624 1268 796 1331 molestias?
832 1269 912 1346 Quid
926 1269 1005 1331 enim
1017 1271 1151 1347 interest,

210 1366 295 1443 motu
311 1362 401 1423 animi
413 1361 536 1437 sublato,
548 1382 612 1423 non
624 1361 688 1423 dico
706 1361 787 1422 inter
797 1361 945 1423 bominem
958 1369 989 1424 et
1001 1364 1151 1445 pecudem,

211 1453 263 1516 sed
284 1453 364 1523 inter
386 1454 533 1516 hominem
555 1458 586 1515 et
609 1474 710 1516 saxum
733 1459 787 1516 aut
809 1460 947 1516 truncum
966 1461 1019 1516 aut
1038 1457 1151 1538 quidvis

209 1548 325 1626 generis
349 1547 504 1629 ejusdem?
543 1547 650 1627 Neque
674 1546 753 1608 enim
773 1553 845 1608 sunt
867 1546 920 1608 isti
941 1548 1078 1619 audiendi
1101 1550 1152 1630 qui

209 1639 348 1701 virtutem
366 1640 475 1701 duram
495 1644 527 1700 et
546 1638 629 1720 quasi
646 1638 771 1700 ferream
790 1659 855 1701 esse
875 1641 1019 1721 quandam
1037 1641 1150 1717 volunt,

209 1750 284 1812 quae
296 1731 413 1813 quidem
431 1735 479 1792 eat
498 1737 589 1810 quum'
605 1730 707 1803 multia
725 1729 759 1791 in
780 1731 870 1792 rebus
887 1737 952 1792 tum
972 1732 1005 1793 in
1023 1733 1151 1795 amicitia

208 1826 311 1885 tenera
320 1829 407 1903 atque
418 1822 587 1897 tractabilis,
597 1828 633 1884 ut
643 1828 674 1883 et
684 1823 768 1884 bonis
782 1822 867 1884 amici
876 1824 959 1905 quasi
970 1824 1151 1886 diffundatur

209 1920 241 1985 et
258 1906 448 1976 incommodis
468 1915 665 1977 contrahatur.
707 1914 904 1992 Quamobrem
922 1936 1015 1996 angor
1029 1917 1087 1979 iste
1099 1919 1151 1998 qui

207 2027 261 2088 pro
275 2007 365 2068 amico
379 2027 466 2087 saepe
478 2001 635 2088 capiendus
654 2012 700 2069 eat
718 2027 781 2068 non
796 2011 914 2068 tantum
925 2008 1003 2070 salet
1015 2014 1052 2070 ut
1064 2010 1150 2072 tollat

207 2098 305 2160 evita
324 2098 489 2174 amicitiam,
508 2118 569 2159 non
588 2098 657 2179 plus
675 2119 762 2179 quam
782 2095 819 2160 ut
838 2099 972 2175 iu'rtutes,
985 2100 1053 2182 quia
1075 2121 1149 2164 non·

206 2189 302 2252 nullas
315 2210 399 2252 curas
412 2195 444 2252 et
455 2189 604 2252 molestias
617 2185 752 2265 afferunt,
765 2191 966 2272 repudientur.

245 2282 334 2345 XIV.
355 2284 456 2360 Quum
469 2289 569 2345 autem
581 2283 735 2345 contrahat
748 2283 913 2360 amicitiam,
925 2289 962 2345 ut
975 2305 1065 2367 supra
1077 2286 1146 2364 dixi,

207 2475 267 2540 ciple
292 2476 319 2526 oi
341 2475 451 2527 absolute
477 2476 604 2542 obsdlauca
631 2483 658 2527 to
689 2479 732 2528 tha
745 2478 830 2542 plural.
847 2482 932 2542 except
947 2494 994 2529 one
1011 2480 1039 2530 oi
1056 2481 1146 2531 Manu-

206 2539 495 2600 tixedruleaoililatbe
512 2543 620 2605 question
632 2543 661 2592 oi
689 2543 745 2592 tius.
788 2542 886 2604 Madvig
911 2543 955 2594 baa
986 2545 1147 2604 ‘diffundatur

205 2603 315 2667 avoiding
339 2604 402 2668 pain¹
429 2605 529 2665 onuba,
551 2620 579 2654 or
598 2620 658 2655 evan
690 2606 932 2656 ...contrabatun'
976 2608 1078 2672 Seyffert
1102 2610 1146 2658 ed·

206 2666 284 2726 daath,
295 2667 394 2717 vlllnot
407 2669 546 2718 maban
555 2670 659 2719 tbarule
689 2671 746 2719 mita
762 2669 816 2718 that
831 2670 928 2719 ‘amici'
946 2671 1022 2721 istlra
1034 2669 1145 2735 genitive,

205 2730 336 2794 ofdutyis
350 2731 456 2794 positive.
488 2732 659 2797 Weobaytha
689 2749 716 2782 as
731 2734 751 2781 it
765 2734 967 2796 undoubtedlyis.
1000 2736 1146 2799 Hacoujac-

204 2794 404 2858 rulaabsolutaly.
689 2797 931 2847 turestbat‘auimi'
942 2798 987 2848 bas
1002 2799 1145 2849 beenomit·

236 2858 433 2922 almanorum]
480 2858 657 2910 ‘Humanitas'
688 2861 731 2909 tad
747 2861 808 2910 after
824 2859 927 2910 ‘amici'
960 2863 986 2911 lt
999 2878 1075 2913 seems
1092 2865 1145 2915 that

203 2920 261 2973 bera
281 2936 363 2972 maana
387 2923 430 2972 tus
448 2924 542 2973 natural
559 2924 658 2987 feeling!
690 2922 796 2973 ‘virtus’
813 2925 834 2972 is
849 2925 891 2973 tbe
906 2927 1066 2988 nominativaa
1084 2929 1145 2978 ‘aim

203 2985 251 3034 and
274 2986 404 3046 affectione,
424 2993 480 3052 part
499 2987 527 3037 ol
545 3003 561 3037 a
581 2988 657 3037 man'a
689 2988 743 3038 tus'
759 2989 781 3038 is
797 2993 842 3038 not
858 2989 947 3047 ‘dura’
967 2995 1019 3049 asc,
1035 2991 1144 3042 but‘ta

202 3055 295 3100 mame.
688 3052 762 3111 uera,'
781 3053 943 3113 ‘mantilia'
962 3055 1022 3114 ‘ut'
1043 3060 1087 3105 dac.
1120 3056 1147 3106 li

216 3114 350 3180 „mrem
360 3114 550 3192 coaequandam]
574 3114 659 3165 Ihave
689 3117 732 3181 tlae
740 3117 829 3178 plurale
840 3115 1035 3168 ‘diffundantur.
1046 3153 1054 3168 .
1066 3152 1074 3169 .
1085 3135 1143 3169 con-

202 3175 310 3244 lolloved
332 3178 435 3241 Seyffert
459 3177 485 3227 in
510 3179 559 3228 llus
580 3179 655 3228 order.
687 3179 827 3228 trahantur’
844 3194 884 3228 are
899 3182 1008 3243 genuine,
1024 3183 1061 3231 'aaa
1078 3188 1144 3234 must

202 3239 255 3289 'l'lie
274 3255 385 3290 common
406 3241 475 3290 order
500 3242 657 3292 ismenem
688 3243 1144 3310 suppoaatbattberelasomecorrup·

203 3303 320 3367 mem
337 3304 405 3353 aaa
444 3304 578 3355 mamm
597 3306 658 3355 mr.
688 3297 1143 3370 sonuusouapueoruesul.

203 3381 266 3417 ream
291 3367 393 3416 uandam
402 3366 503 3418 voluna'
688 3375 765 3420 muca.

271 3436 273 3440 ‘
337 3429 463 3518 atandscp
477 3430 658 3495 ‘Diffundautur
723 3435 760 3482 14.
780 3433 1030 3499 Quam-contrahat]
1059 3437 1144 3486 luiba

205 3493 447 3544 ...contrahantura
538 3500 583 3556 art,
601 3496 656 3544 who
686 3495 1143 3548 flmtaditionlramaskedtlrat‘aul-

204 3557 290 3607 affirma
308 3559 362 3607 that
384 3559 416 3608 all
437 3558 480 3609 the
531 3559 574 3610 88.
596 3559 656 3610 bave
686 3557 1143 3615 mua'eeemedtobatlaanomluatiro
