2768 4034
194 299 233 360 62
522 294 630 357 ΟΑΤΟ
649 295 805 358 MAJOB.

193 452 285 534 major
296 451 469 540 haecdicitz
489 455 508 486 “
516 452 620 514 Nolite
640 451 781 531 arbitrari,
795 472 813 514 o
829 451 902 514 mihi
918 452 1059 515 carissimi
1069 453 1130 528 filii.

193 564 241 605 me
261 563 353 626 quum
373 564 392 605 a
413 542 496 606 vobis
516 543 675 605 discessero
693 564 837 626 nusquam
855 549 909 606 aut
927 545 1043 607 nullum
1058 545 1130 607 fore.

194 637 261 698 Nec
273 635 352 696 enim
365 635 435 697 dum
455 655 534 696 eram
551 634 701 697 vobiscum
719 637 847 697 animum
865 656 964 698 meum
980 636 1131 712 videbatis,

195 727 248 788 sed
266 747 335 788 eum
353 746 418 788 esse
436 725 469 787 in
488 726 544 787 hoc
563 745 684 807 corpore
703 747 739 788 ex
756 726 794 789 iis
811 727 899 790 rebus
911 748 984 810 quas
996 728 1132 809 gerebam

194 817 411 898 intelligebatis.
439 817 575 879 Elmdem
587 817 680 896 igitur
692 837 757 879 esse
769 818 918 893 creditote,
928 819 1015 880 etism
1029 819 1132 880 sinul-

193 910 256 971 lom
264 909 411 970 ridebitis.
432 912 481 971 80.
492 909 559 970 Nec
567 928 636 970 vero
646 908 788 970 clerorum
796 908 923 970 virorum
929 913 999 990 post
1007 915 1131 978 mortem

194 1000 320 1063 honores
339 999 594 1082 permanerentsi
612 999 687 1060 nihil
705 1019 806 1061 eorum
824 999 952 1080 ipsorum
971 1000 1061 1061 animi
1073 1000 1132 1062 effi-

195 1091 717 1173 cerentquodintiusmemoriemsui
725 1096 899 1152 teneremus.
929 1091 1133 1172 Mihiquidem

195 1203 347 1263 nunquam
370 1182 541 1263 persuaderi
561 1182 662 1262 potuit
684 1180 795 1243 animos
817 1181 887 1243 dum
907 1181 940 1243 in
965 1184 1133 1263 corporibus

197 1278 296 1335 essent
309 1273 481 1334 mortalibus
493 1272 598 1347 virere,
612 1292 702 1352 quum
715 1272 843 1340 exissent
856 1292 892 1333 ex
903 1272 941 1334 iis
953 1274 1058 1335 emori:
1078 1294 1133 1335 neo

197 1385 266 1427 vcro
288 1370 355 1426 tum
376 1364 506 1425 animum
525 1383 590 1425 esse
610 1363 797 1444 insipientem
817 1384 908 1444 quum
928 1384 964 1443 er
983 1365 1135 1445 insipienti

198 1477 319 1538 corpore
341 1457 500 1531 erasisset3
523 1456 574 1517 sed
597 1476 688 1536 quum
709 1454 789 1516 omni
810 1455 987 1517 admixtione
1007 1456 1134 1537 corporis

197 1549 340 1612 liberatum
351 1569 444 1630 purus
458 1554 490 1610 st
502 1548 617 1628 integer
629 1568 693 1609 esse
706 1547 858 1629 coepisset,
867 1551 934 1618 tum
947 1568 1011 1610 esse
1023 1548 1134 1630 sopien-

198 1647 269 1720 tem.
298 1641 399 1722 Atque
411 1639 500 1726 etiam
510 1660 600 1720 quum
608 1638 734 1700 hominis
742 1644 849 1700 natura
858 1644 951 1700 morte
961 1639 1134 1714 dissolvitur,

198 1737 362 1797 ceterarum
381 1751 481 1792 renum
500 1731 686 1811 perspicuum
704 1734 826 1811 estque
843 1750 973 1811 quaeque
990 1731 1135 1806 discedet3

198 1825 310 1885 abeunt
322 1823 399 1884 enim
418 1822 489 1885 illuc
507 1822 605 1884 omnia
621 1821 700 1882 unde
720 1827 786 1883 orta
802 1827 891 1897 sunt;
911 1821 1024 1883 enimus
1036 1827 1136 1883 autem

198 1915 278 1976 solus
292 1935 347 1975 neo
363 1934 454 1994 quum
471 1913 556 1974 adest
572 1933 629 1975 neo
647 1933 737 1993 quum
756 1912 880 1974 discedit
899 1917 1027 1994 apparet.
1067 1913 1135 1975 Jam

197 2026 266 2067 vero
288 2005 394 2067 ridetis
416 2005 492 2066 nihil
506 2024 571 2066 esse
592 2004 681 2065 morti
701 2008 763 2064 tam
782 2003 876 2065 simile
894 2024 981 2085 quem
994 2024 1134 2072 somnum,

196 2101 246 2159 81.
266 2096 363 2177 Atqui
376 2094 583 2157 dormientium
595 2095 685 2156 animi
702 2094 826 2156 maxime
842 2095 990 2156 declarant
1003 2095 1134 2158 divinita·

196 2193 257 2250 tem
270 2208 372 2262 susm;
392 2185 487 2249 multa
499 2186 577 2248 enim
587 2207 677 2267 quum
686 2186 802 2248 remissi
811 2191 842 2248 ct
853 2187 938 2251 liberi
950 2191 1022 2248 sunt
1033 2187 1135 2249 futura

194 2278 387 2361 prospiciunt.
427 2279 474 2340 Ex
486 2299 545 2360 quo
557 2277 734 2358 intelligitur
746 2279 845 2359 quales
857 2278 953 2340 futuri
964 2278 1033 2353 sint,
1042 2300 1132 2360 quum

197 2392 229 2433 se
239 2373 326 2453 plane
339 2369 467 2452 corporis
479 2369 602 2432 vinculis
614 2370 816 2432 relaxaverint.
857 2370 964 2447 Quare,
975 2370 1081 2432 silmec
1092 2371 1136 2431 ita

197 2467 276 2540 sunt,
289 2462 332 2524 sic
348 2482 396 2524 me
415 2461 535 2523 oolitote
553 2466 590 2522 nt
608 2461 716 2522 Deum.
755 2461 809 2522 sn
820 2482 881 2524 nnc
900 2466 947 2522 est
958 2461 1133 2523 interitum

198 2604 299 2655 cicero’s
314 2604 414 2664 version,
429 2603 543 2653 inwhiob
560 2603 591 2652 bs
606 2602 650 2651 bas
681 2602 808 2652 sideretion
819 2603 975 2653 elthecem
990 2604 1135 2669 oitbepas·

197 2668 455 2732 omittedsomeparts
486 2667 650 2730 Tbepassage
681 2666 877 2728 sagsvillshor.

198 2731 290 2795 beglns,
309 2731 345 2781 Oi
362 2733 411 2796 γὰρ
429 2730 512 2789 δήπου
531 2729 605 2779 τοῦτό
621 2746 649 2793 γι
713 2732 1058 2794 Domineorporibucment]
1076 2731 1136 2781 tuis

199 2799 285 2860 σαφῶς
302 2794 395 2844 δοκεῖτε
414 2793 511 2844 εἰδέναι.
542 2793 594 2843 The
612 2808 650 2841 ar·
681 2808 725 2843 uss
735 2794 763 2842 of
771 2794 861 2842 ‘dnm'
872 2795 930 2843 with
939 2794 981 2843 tbe
988 2794 1137 2857 subjunctive

198 2858 477 2936 gumentodllenopbon
487 2857 650 2951 fou-‘theindffi
681 2857 800 2906 iornlsbes
817 2872 834 2934 a
853 2857 915 2951 gopd
932 2858 1040 2946 expmpls
1058 2858 1086 2909 oi
1103 2859 1135 2907 its

197 3114 391 3266 :ihtllhlldllbl'g'
407 3111 653 3254 ffgsbmbbtwllffi
683 3112 1063 3260 wseffellillwnmq]
1085 3175 1138 3224 The

199 3239 653 3304 mn,
684 3255 1138 3364 mir

232 3369 336 3417 Nullum
356 3367 496 3430 videbitisd
535 3366 599 3415 'l'hat
622 3381 652 3424 ιε,
684 3364 775 3428 ψυχὴν
798 3361 994 3428 καταιδούμενοι.
1033 3364 1083 3412 But
1100 3365 1139 3413 lus

200 3435 216 3461 ‘⁴
223 3431 316 3492 though
333 3445 382 3495 you
397 3431 446 3479 will
460 3436 504 3479 not
519 3444 558 3478 see
573 3444 612 3477 me
627 3434 653 3477 at
684 3429 764 3490 object
773 3444 821 3480 nas
830 3431 874 3476 not
886 3433 912 3476 to
922 3427 1008 3475 render
1021 3426 1138 3490 litersllyp

200 3494 258 3544 all.”
285 3492 654 3550 Neitha⁴eund0m'nor‘nul··
684 3489 1105 3556 noryetisbeiarbomthcmask.

201 3557 380 3608 lum'refersto
392 3556 653 3618 ‘animum,’ssacon-
