2768 4034
618 307 707 370 OAP.
727 307 785 370 ΙΧ,
805 308 846 370 K
1155 324 1196 386 93

263 465 458 544 Quamobrem
482 474 537 527 nos
556 464 673 546 quidem
692 465 729 527 ab
749 465 806 528 hoo
827 485 961 528 sermone
983 485 1199 533 removeamus:

262 557 319 639 ipsi
331 563 431 620 autem
447 556 645 638 intelligamus
660 562 768 619 natura
786 556 870 638 gigni
882 577 1002 620 sensum
1015 559 1155 640 diligendi
1168 566 1200 622 et

261 648 481 729 benevolentiae
507 649 658 710 caritatem
684 648 763 711 faeta
788 649 1001 730 significatione
1026 651 1201 732 probitatis3

262 761 350 822 quam
358 740 411 820 qui
419 739 623 822 appetiverunt
634 740 781 821 applicant
793 760 858 802 sese
870 746 902 802 et
913 734 1034 822 propius
1046 743 1202 806 admovent

262 838 299 894 nt
312 836 343 895 et
355 852 414 893 nau
425 831 490 912 ejus
502 851 588 912 quem
608 831 727 911 diligere
745 838 905 914 eoeperunt
921 832 1060 894 menan
1071 839 1103 895 et
1114 836 1201 896 mori·

262 924 327 999 bus,
342 922 459 1006 sintque
477 942 562 1003 pares
581 920 615 984 in
633 942 730 985 amore
742 927 774 984 et
785 923 930 1005 aequales,
942 925 1201 1007 propensioresque

264 1015 302 1076 ad
319 1016 395 1076 bene
413 1013 582 1076 merendum
595 1034 682 1096 quam
700 1014 738 1076 ad
756 1015 976 1095 reposeendum.
1015 1018 1117 1099 Atque
1129 1017 1201 1080 haee

262 1106 404 1168 intereos
422 1100 458 1166 fit
476 1105 600 1167 honesta
619 1105 751 1167 oertatio.
792 1106 840 1168 Sio
861 1112 893 1168 et
911 1108 1057 1170 utilitates
1077 1129 1114 1170 ex
1130 1108 1200 1170 ami·

262 1196 332 1258 oitia
343 1197 483 1267 maximae
495 1196 654 1278 capientur,
668 1201 700 1258 et
717 1197 774 1258 erit
790 1197 854 1278 ejus
866 1203 951 1261 ortus
964 1205 1101 1261 enatura
1113 1221 1200 1281 quam

262 1288 299 1349 ab
311 1287 507 1350 imbecillitate
519 1292 550 1349 et
562 1287 676 1367 gravior
687 1293 719 1348 et
729 1287 832 1351 verior.
871 1289 951 1352 Nam
965 1290 991 1352 si
1002 1291 1116 1352 utilitas
1129 1292 1199 1352 ami·

262 1379 344 1442 ntia
364 1378 586 1460 conglutinaret,
602 1379 704 1441 eadem
722 1386 901 1468 commutata
921 1380 1100 1444 dissolveret.
1141 1382 1200 1444 Sed

261 1471 329 1553 quia
347 1477 454 1534 natura
475 1471 584 1533 mutari
605 1491 667 1533 non
688 1477 797 1553 potest,
816 1472 924 1535 ideireo
946 1493 1032 1535 verae
1054 1473 1198 1536 amicitiae

262 1563 453 1645 sempiternae
473 1568 552 1624 sunt.
594 1563 702 1626 Ortum
720 1563 836 1645 quidem
854 1564 998 1627 amicitiae
1012 1565 1126 1641 videtis,
1139 1565 1198 1628 nisi

261 1655 331 1735 quid
345 1654 383 1716 ad
400 1655 472 1716 haee
489 1654 567 1716 forte
585 1655 685 1719 vmtis.
727 1655 829 1717 Faus.
849 1657 976 1718 Tuvero
994 1677 1092 1738 perge,
1105 1657 1197 1720 Laeli

262 1748 319 1810 Pro
337 1747 393 1809 hoo
411 1747 490 1808 enim
509 1746 560 1827 qui
578 1746 674 1808 minor
692 1751 739 1808 est
756 1751 833 1809 natu
851 1767 917 1809 meo
938 1748 1006 1828 jure
1025 1749 1196 1830 respondeo.

261 1842 309 1902 38.
329 1840 439 1902 Sum.
458 1839 552 1901 Beote
563 1842 600 1900 tu
612 1837 737 1919 quidem.
778 1839 974 1915 Quamobrem
986 1841 1146 1903 audiamus.

298 1931 340 1994 K
359 1932 457 1993 Lsnn.
476 1929 587 1991 Audite
606 1949 684 2010 ergo,
698 1930 802 2010 optimi
813 1930 877 2004 viri,
891 1950 1014 2011 eaquae
1030 1931 1198 2012 saepissime

260 2022 338 2084 inter
348 2026 441 2084 meet
460 2020 624 2101 Soipionem
642 2020 680 2082 (le
699 2020 827 2092 amioitia
844 2021 1079 2083 disserebanturr
1099 2042 1198 2104 quam·

260 2134 347 2194 quam
358 2114 408 2175 ille
420 2112 537 2194 quidem
554 2112 630 2173 nihil
646 2111 791 2183 difficilius
811 2132 876 2173 esse
896 2112 1011 2175 dicebat
1023 2133 1110 2194 quam
1128 2114 1198 2175 ami·

260 2205 358 2276 citiam
369 2225 463 2286 nsque
477 2204 515 2265 ad
527 2208 689 2265 extremum
700 2203 778 2265 vitae
794 2223 973 2285 permanere.
1013 2205 1092 2265 Nam
1103 2205 1150 2267 vel
1161 2210 1198 2267 nt

260 2317 322 2359 non
341 2297 419 2359 idem
438 2295 586 2376 expediret
605 2294 734 2356 inridere
755 2314 849 2376 Ψ,
862 2295 909 2357 vel
920 2283 957 2356 nt
975 2295 1011 2356 de
1030 2316 1064 2357 re
1081 2295 1199 2377 publiea

260 2409 323 2450 non
334 2389 412 2449 idem
424 2386 599 2449 sentiretnrr
618 2385 727 2448 mutari
739 2387 828 2448 etiam
840 2407 935 2449 mores
948 2385 1098 2449 hominnm
1111 2408 1197 2470 saepe

261 2480 385 2557 dicebat,
403 2479 474 2541 alias
495 2477 622 2540 adrem
640 2478 738 2554 rebus,
757 2477 828 2540 alias
850 2483 947 2540 aetate
969 2479 1195 2558 ingravesoente.

260 2573 361 2653 Atque
381 2592 481 2635 earum
499 2590 598 2633 rernm
619 2570 781 2651 exemplum
801 2590 838 2646 ex
856 2569 1046 2641 similitudine
1065 2569 1196 2651 capiebat

259 2663 390 2726 ineuntis
402 2661 516 2740 aetatis,
528 2661 607 2743 quod
619 2660 725 2723 summi
736 2681 895 2742 puerorum
910 2680 1022 2722 amores
1038 2680 1124 2741 saepe
1135 2681 1196 2721 nna

259 2776 325 2818 oum
345 2758 497 2836 praetexta
515 2759 588 2833 toga
606 2757 805 2835 ponerenturr
826 2756 873 2815 34.
894 2751 941 2814 sin
960 2757 1059 2814 autem
1075 2751 1113 2813 ad
1127 2751 1195 2813 ado

288 2948 421 3012 Antaeo]
462 2946 710 3009 ‘Unlessyonhrve
774 2961 819 2996 arr.
840 2943 1196 3011 luo,et);aud'rerenoa

258 3009 710 3090 someolpjeotiontomaketowhatl
751 3009 931 3077 Amtl‚2t)=

257 3073 710 3216 wilffinus-tu
774 3096 1197 3226 plantutum

258 3220 348 3318 roffio
368 3267 439 3331 jare]
479 3266 520 3316 He
542 3264 647 3330 explains
672 3265 711 3313 his
774 3263 814 3312 1⁰.
829 3261 976 3325 Praetexta]
999 3257 1197 3310 Thedresswitlr

259 3456 708 3524 (neojure)anrwerlortheyonnger.
739 3450 1020 3528 The‘pnetaxm’yas
1062 3450 1069 3463 ⁴
1108 3449 1197 3528 ’μαψ

259 3512 1121 3580 cioemhamso1romeojne’mdme‘togavuun’ra
1147 3513 1198 3562 sard

260 3583 503 3652 (DeOr.il.72),an
530 3580 707 3648 ‘prosuojura'
740 3579 832 3630 ‘sumi'
855 3575 983 3644 (DaAm
1004 3591 1026 3627 o.
1047 3573 1082 3642 l).
1122 3576 1197 3628 Orelli
