<?xml version="1.0" encoding="UTF-8"?>
<!DOCTYPE html PUBLIC "-//W3C//DTD XHTML 1.0 Transitional//EN"
    "http://www.w3.org/TR/xhtml1/DTD/xhtml1-transitional.dtd">
<html xmlns="http://www.w3.org/1999/xhtml" xml:lang="en" lang="en">
 <head>
  <title>
</title>
<meta http-equiv="Content-Type" content="text/html;charset=utf-8" />
  <meta name='ocr-system' content='tesseract 3.04.00' />
  <meta name='ocr-capabilities' content='ocr_page ocr_carea ocr_par ocr_line ocrx_word'/>
</head>
<body>
  <div class='ocr_page' id='page_1' title='image "./mtulliiciceroni00longgoog_0217.png"; bbox 0 0 2768 4034; ppageno 0'>
   <div class='ocr_carea' id='block_1_1' title="bbox 197 289 768 355">
    <p class='ocr_par' dir='ltr' id='par_1_1' title="bbox 197 289 768 355">
     <span class='ocr_line' id='line_1_1' title="bbox 197 289 768 355; baseline -0.005 0"><span class='ocrx_word' id='word_1_1' title='bbox 197 293 255 355; x_wconf 71' lang='lat'><strong>172</strong></span> <span class='ocrx_word' id='word_1_2' title='bbox 404 343 408 354; x_wconf 94' lang='lat'>.</span> <span class='ocrx_word' id='word_1_3' title='bbox 563 289 768 353; x_wconf 70' lang='lat' dir='ltr'><strong>ualerone</strong></span> 
     </span>
    </p>
   </div>
   <div class='ocr_carea' id='block_1_2' title="bbox 191 447 1133 2090">
    <p class='ocr_par' dir='ltr' id='par_1_2' title="bbox 191 447 1133 2090">
     <span class='ocr_line' id='line_1_2' title="bbox 232 447 1132 529; baseline -0.001 -18"><span class='ocrx_word' id='word_1_4' title='bbox 232 448 320 511; x_wconf 84' lang='lat' dir='ltr'><strong>XIV.</strong></span> <span class='ocrx_word' id='word_1_5' title='bbox 340 451 389 510; x_wconf 79' lang='lat'><strong>40.</strong></span> <span class='ocrx_word' id='word_1_6' title='bbox 410 447 468 510; x_wconf 79' lang='lat' dir='ltr'><strong>Sed</strong></span> <span class='ocrx_word' id='word_1_7' title='bbox 487 447 623 529; x_wconf 82' lang='lat' dir='ltr'><strong>qnoniam</strong></span> <span class='ocrx_word' id='word_1_8' title='bbox 643 447 755 529; x_wconf 88' lang='lat' dir='ltr'><strong>primus</strong></span> <span class='ocrx_word' id='word_1_9' title='bbox 778 467 874 510; x_wconf 88' lang='lat' dir='ltr'><strong>annus</strong></span> <span class='ocrx_word' id='word_1_10' title='bbox 895 447 1001 510; x_wconf 86' lang='lat' dir='ltr'><strong>habuit</strong></span> <span class='ocrx_word' id='word_1_11' title='bbox 1021 447 1058 510; x_wconf 86' lang='lat' dir='ltr'><strong>de</strong></span> <span class='ocrx_word' id='word_1_12' title='bbox 1077 448 1132 510; x_wconf 87' lang='lat' dir='ltr'><strong>heo</strong></span> 
     </span>
     <span class='ocr_line' id='line_1_3' title="bbox 192 539 1133 622; baseline -0.001 -20"><span class='ocrx_word' id='word_1_13' title='bbox 192 540 414 621; x_wconf 88' lang='lat' dir='ltr'><strong>reprehensione</strong></span> <span class='ocrx_word' id='word_1_14' title='bbox 432 539 592 621; x_wconf 87' lang='lat' dir='ltr'><strong>plurimum</strong></span> <span class='ocrx_word' id='word_1_15' title='bbox 611 539 761 616; x_wconf 82' lang='lat' dir='ltr'><strong>sermonis,</strong></span> <span class='ocrx_word' id='word_1_16' title='bbox 774 540 861 603; x_wconf 83' lang='lat' dir='ltr'><strong>eredo</strong></span> <span class='ocrx_word' id='word_1_17' title='bbox 878 545 1035 622; x_wconf 87' lang='lat' dir='ltr'><strong>propterea</strong></span> <span class='ocrx_word' id='word_1_18' title='bbox 1053 540 1133 622; x_wconf 87' lang='lat' dir='ltr'><strong>quod</strong></span> 
     </span>
     <span class='ocr_line' id='line_1_4' title="bbox 192 631 1132 718; baseline 0.001 -25"><span class='ocrx_word' id='word_1_19' title='bbox 192 631 249 693; x_wconf 88' lang='lat' dir='ltr'><strong>tsbi</strong></span> <span class='ocrx_word' id='word_1_20' title='bbox 269 631 420 718; x_wconf 85' lang='lat' dir='ltr'><strong>bominum</strong></span> <span class='ocrx_word' id='word_1_21' title='bbox 443 631 576 713; x_wconf 83' lang='lat' dir='ltr'><strong>injuriae,</strong></span> <span class='ocrx_word' id='word_1_22' title='bbox 598 632 676 712; x_wconf 86' lang='lat' dir='ltr'><strong>quod</strong></span> <span class='ocrx_word' id='word_1_23' title='bbox 700 631 846 707; x_wconf 72' lang='lat' dir='ltr'><strong>arantino,</strong></span> <span class='ocrx_word' id='word_1_24' title='bbox 870 633 949 714; x_wconf 86' lang='lat' dir='ltr'><strong>quod</strong></span> <span class='ocrx_word' id='word_1_25' title='bbox 973 632 1132 694; x_wconf 68' lang='lat' dir='ltr'><strong>insolentia</strong></span> 
     </span>
     <span class='ocr_line' id='line_1_5' title="bbox 191 723 1131 804; baseline 0.001 -20"><span class='ocrx_word' id='word_1_26' title='bbox 191 727 307 803; x_wconf 87' lang='lat' dir='ltr'><strong>praeter</strong></span> <span class='ocrx_word' id='word_1_27' title='bbox 331 723 498 804; x_wconf 81' lang='lat' dir='ltr'><strong>opinionem</strong></span> <span class='ocrx_word' id='word_1_28' title='bbox 523 723 671 785; x_wconf 86' lang='lat' dir='ltr'><strong>aeoidebst</strong></span> <span class='ocrx_word' id='word_1_29' title='bbox 694 728 726 786; x_wconf 89' lang='lat' dir='ltr'><strong>et</strong></span> <span class='ocrx_word' id='word_1_30' title='bbox 747 724 939 787; x_wconf 87' lang='lat' dir='ltr'><strong>intolerabilis</strong></span> <span class='ocrx_word' id='word_1_31' title='bbox 960 724 1131 799; x_wconf 81' lang='lat' dir='ltr'><strong>videbatur3</strong></span> 
     </span>
     <span class='ocr_line' id='line_1_6' title="bbox 192 812 1130 896; baseline 0.002 -22"><span class='ocrx_word' id='word_1_32' title='bbox 192 812 336 875; x_wconf 73' lang='lat' dir='ltr'><strong>mundus</strong></span> <span class='ocrx_word' id='word_1_33' title='bbox 345 818 444 875; x_wconf 86' lang='lat' dir='ltr'><strong>autem</strong></span> <span class='ocrx_word' id='word_1_34' title='bbox 456 814 550 876; x_wconf 90' lang='lat' dir='ltr'><strong>multo</strong></span> <span class='ocrx_word' id='word_1_35' title='bbox 558 814 660 889; x_wconf 89' lang='lat' dir='ltr'><strong>lenior,</strong></span> <span class='ocrx_word' id='word_1_36' title='bbox 670 814 749 896; x_wconf 83' lang='lat' dir='ltr'><strong>quod</strong></span> <span class='ocrx_word' id='word_1_37' title='bbox 757 819 789 879; x_wconf 87' lang='lat' dir='ltr'><strong>et</strong></span> <span class='ocrx_word' id='word_1_38' title='bbox 802 815 993 891; x_wconf 75' lang='lat' dir='ltr'><strong>consuetudo,</strong></span> <span class='ocrx_word' id='word_1_39' title='bbox 1004 820 1036 877; x_wconf 91' lang='lat' dir='ltr'><strong>et</strong></span> <span class='ocrx_word' id='word_1_40' title='bbox 1044 815 1130 890; x_wconf 86' lang='lat' dir='ltr'><strong>ratio,</strong></span> 
     </span>
     <span class='ocr_line' id='line_1_7' title="bbox 191 905 1130 988; baseline 0 -21"><span class='ocrx_word' id='word_1_41' title='bbox 191 909 224 967; x_wconf 89' lang='lat' dir='ltr'><strong>et</strong></span> <span class='ocrx_word' id='word_1_42' title='bbox 239 908 275 966; x_wconf 90' lang='lat' dir='ltr'><strong>ut</strong></span> <span class='ocrx_word' id='word_1_43' title='bbox 291 925 347 986; x_wconf 83' lang='lat' dir='ltr'><strong>ego</strong></span> <span class='ocrx_word' id='word_1_44' title='bbox 366 906 498 980; x_wconf 74' lang='lat' dir='ltr'><strong>arbitror,</strong></span> <span class='ocrx_word' id='word_1_45' title='bbox 512 926 592 967; x_wconf 88' lang='lat' dir='ltr'><strong>meae</strong></span> <span class='ocrx_word' id='word_1_46' title='bbox 608 926 722 986; x_wconf 89' lang='lat' dir='ltr'><strong>quoque</strong></span> <span class='ocrx_word' id='word_1_47' title='bbox 739 906 856 968; x_wconf 77' lang='lat' dir='ltr'><strong>litterae</strong></span> <span class='ocrx_word' id='word_1_48' title='bbox 872 912 905 968; x_wconf 88' lang='lat' dir='ltr'><strong>te</strong></span> <span class='ocrx_word' id='word_1_49' title='bbox 924 905 1130 988; x_wconf 75' lang='lat' dir='ltr'><strong>patientiorem</strong></span> 
     </span>
     <span class='ocr_line' id='line_1_8' title="bbox 191 996 1129 1078; baseline 0.001 -21"><span class='ocrx_word' id='word_1_50' title='bbox 191 996 386 1078; x_wconf 85' lang='lat' dir='ltr'><strong>lenioremque</strong></span> <span class='ocrx_word' id='word_1_51' title='bbox 397 996 550 1058; x_wconf 80' lang='lat' dir='ltr'><strong>ieoeruntr</strong></span> <span class='ocrx_word' id='word_1_52' title='bbox 569 998 677 1058; x_wconf 89' lang='lat' dir='ltr'><strong>tertius</strong></span> <span class='ocrx_word' id='word_1_53' title='bbox 690 1017 785 1059; x_wconf 86' lang='lat' dir='ltr'><strong>annus</strong></span> <span class='ocrx_word' id='word_1_54' title='bbox 797 997 841 1058; x_wconf 87' lang='lat' dir='ltr'><strong>ita</strong></span> <span class='ocrx_word' id='word_1_55' title='bbox 853 996 942 1060; x_wconf 87' lang='lat' dir='ltr'><strong>debet</strong></span> <span class='ocrx_word' id='word_1_56' title='bbox 955 1017 1019 1060; x_wconf 88' lang='lat' dir='ltr'><strong>esse</strong></span> <span class='ocrx_word' id='word_1_57' title='bbox 1032 1017 1129 1058; x_wconf 87' lang='lat' dir='ltr'><strong>emen·</strong></span> 
     </span>
     <span class='ocr_line' id='line_1_9' title="bbox 192 1088 1130 1170; baseline 0.001 -20"><span class='ocrx_word' id='word_1_58' title='bbox 192 1088 286 1164; x_wconf 84' lang='lat' dir='ltr'><strong>datus,</strong></span> <span class='ocrx_word' id='word_1_59' title='bbox 299 1094 335 1150; x_wconf 92' lang='lat' dir='ltr'><strong>ut</strong></span> <span class='ocrx_word' id='word_1_60' title='bbox 346 1109 386 1150; x_wconf 90' lang='lat' dir='ltr'><strong>ne</strong></span> <span class='ocrx_word' id='word_1_61' title='bbox 397 1089 546 1159; x_wconf 80' lang='lat' dir='ltr'><strong>minimam</strong></span> <span class='ocrx_word' id='word_1_62' title='bbox 559 1089 675 1170; x_wconf 84' lang='lat' dir='ltr'><strong>quidem</strong></span> <span class='ocrx_word' id='word_1_63' title='bbox 686 1109 749 1150; x_wconf 90' lang='lat' dir='ltr'><strong>rem</strong></span> <span class='ocrx_word' id='word_1_64' title='bbox 766 1089 919 1170; x_wconf 77' lang='lat' dir='ltr'><strong>quisquam</strong></span> <span class='ocrx_word' id='word_1_65' title='bbox 929 1089 1025 1170; x_wconf 89' lang='lat' dir='ltr'><strong>possit</strong></span> <span class='ocrx_word' id='word_1_66' title='bbox 1039 1089 1130 1151; x_wconf 84' lang='lat' dir='ltr'><strong>ullam</strong></span> 
     </span>
     <span class='ocr_line' id='line_1_10' title="bbox 192 1180 1130 1262; baseline 0.001 -22"><span class='ocrx_word' id='word_1_67' title='bbox 192 1180 410 1261; x_wconf 85' lang='lat' dir='ltr'><strong>reprehendere.</strong></span> <span class='ocrx_word' id='word_1_68' title='bbox 449 1183 499 1240; x_wconf 81' lang='lat'><strong>41.</strong></span> <span class='ocrx_word' id='word_1_69' title='bbox 512 1180 559 1240; x_wconf 79' lang='lat' dir='ltr'><strong>Ao</strong></span> <span class='ocrx_word' id='word_1_70' title='bbox 567 1180 630 1262; x_wconf 90' lang='lat' dir='ltr'><strong>jam</strong></span> <span class='ocrx_word' id='word_1_71' title='bbox 641 1180 698 1242; x_wconf 91' lang='lat' dir='ltr'><strong>hoo</strong></span> <span class='ocrx_word' id='word_1_72' title='bbox 709 1180 774 1242; x_wconf 86' lang='lat' dir='ltr'><strong>loeo</strong></span> <span class='ocrx_word' id='word_1_73' title='bbox 785 1200 848 1248; x_wconf 90' lang='lat' dir='ltr'><strong>non</strong></span> <span class='ocrx_word' id='word_1_74' title='bbox 859 1180 1025 1242; x_wconf 75' lang='lat' dir='ltr'><strong>hortatione</strong></span> <span class='ocrx_word' id='word_1_75' title='bbox 1034 1199 1130 1260; x_wconf 87' lang='lat' dir='ltr'><strong>neque</strong></span> 
     </span>
     <span class='ocr_line' id='line_1_11' title="bbox 191 1270 1130 1352; baseline 0 -20"><span class='ocrx_word' id='word_1_76' title='bbox 191 1271 362 1352; x_wconf 81' lang='lat' dir='ltr'><strong>praeceptis,</strong></span> <span class='ocrx_word' id='word_1_77' title='bbox 383 1270 435 1332; x_wconf 82' lang='lat' dir='ltr'><strong>sed</strong></span> <span class='ocrx_word' id='word_1_78' title='bbox 454 1271 588 1352; x_wconf 75' lang='lat' dir='ltr'><strong>precibus</strong></span> <span class='ocrx_word' id='word_1_79' title='bbox 611 1276 711 1332; x_wconf 88' lang='lat' dir='ltr'><strong>teoum</strong></span> <span class='ocrx_word' id='word_1_80' title='bbox 732 1271 870 1333; x_wconf 86' lang='lat' dir='ltr'><strong>fraternis</strong></span> <span class='ocrx_word' id='word_1_81' title='bbox 892 1291 956 1352; x_wconf 86' lang='lat' dir='ltr'><strong>ago,</strong></span> <span class='ocrx_word' id='word_1_82' title='bbox 976 1276 1075 1333; x_wconf 90' lang='lat' dir='ltr'><strong>totum</strong></span> <span class='ocrx_word' id='word_1_83' title='bbox 1093 1276 1130 1332; x_wconf 91' lang='lat' dir='ltr'><strong>ut</strong></span> 
     </span>
     <span class='ocr_line' id='line_1_12' title="bbox 193 1358 1130 1444; baseline 0.003 -20"><span class='ocrx_word' id='word_1_84' title='bbox 193 1362 330 1438; x_wconf 89' lang='lat' dir='ltr'><strong>animum,</strong></span> <span class='ocrx_word' id='word_1_85' title='bbox 343 1358 451 1439; x_wconf 74' lang='lat' dir='ltr'><strong>euram,</strong></span> <span class='ocrx_word' id='word_1_86' title='bbox 464 1362 725 1444; x_wconf 84' lang='lat' dir='ltr'><strong>oogitstionemque</strong></span> <span class='ocrx_word' id='word_1_87' title='bbox 741 1368 825 1425; x_wconf 88' lang='lat' dir='ltr'><strong>tuam</strong></span> <span class='ocrx_word' id='word_1_88' title='bbox 836 1383 928 1444; x_wconf 85' lang='lat' dir='ltr'><strong>ponas</strong></span> <span class='ocrx_word' id='word_1_89' title='bbox 948 1364 982 1426; x_wconf 90' lang='lat' dir='ltr'><strong>in</strong></span> <span class='ocrx_word' id='word_1_90' title='bbox 998 1363 1130 1427; x_wconf 88' lang='lat' dir='ltr'><strong>omnium</strong></span> 
     </span>
     <span class='ocr_line' id='line_1_13' title="bbox 193 1454 1129 1536; baseline -0.001 -19"><span class='ocrx_word' id='word_1_91' title='bbox 193 1454 280 1517; x_wconf 85' lang='lat' dir='ltr'><strong>lande</strong></span> <span class='ocrx_word' id='word_1_92' title='bbox 291 1454 420 1536; x_wconf 78' lang='lat' dir='ltr'><strong>undique</strong></span> <span class='ocrx_word' id='word_1_93' title='bbox 432 1454 601 1536; x_wconf 75' lang='lat' dir='ltr'><strong>colligenda</strong></span> <span class='ocrx_word' id='word_1_94' title='bbox 642 1455 730 1532; x_wconf 76' lang='lat' dir='ltr'><strong>Quod</strong></span> <span class='ocrx_word' id='word_1_95' title='bbox 743 1455 814 1517; x_wconf 90' lang='lat' dir='ltr'><strong>siin</strong></span> <span class='ocrx_word' id='word_1_96' title='bbox 825 1455 964 1528; x_wconf 74' lang='lat' dir='ltr'><strong>mediocri</strong></span> <span class='ocrx_word' id='word_1_97' title='bbox 976 1460 1059 1518; x_wconf 88' lang='lat' dir='ltr'><strong>statu</strong></span> <span class='ocrx_word' id='word_1_98' title='bbox 1071 1476 1129 1517; x_wconf 88' lang='lat' dir='ltr'><strong>ser·</strong></span> 
     </span>
     <span class='ocr_line' id='line_1_14' title="bbox 195 1547 1130 1630; baseline -0.001 -20"><span class='ocrx_word' id='word_1_99' title='bbox 195 1547 291 1610; x_wconf 92' lang='lat' dir='ltr'><strong>monis</strong></span> <span class='ocrx_word' id='word_1_100' title='bbox 311 1569 345 1610; x_wconf 84' lang='lat' dir='ltr'><strong>so</strong></span> <span class='ocrx_word' id='word_1_101' title='bbox 364 1547 585 1630; x_wconf 78' lang='lat' dir='ltr'><strong>praedieationis</strong></span> <span class='ocrx_word' id='word_1_102' title='bbox 607 1552 725 1610; x_wconf 82' lang='lat' dir='ltr'><strong>nostree</strong></span> <span class='ocrx_word' id='word_1_103' title='bbox 743 1568 792 1627; x_wconf 84' lang='lat' dir='ltr'><strong>res</strong></span> <span class='ocrx_word' id='word_1_104' title='bbox 811 1553 918 1622; x_wconf 81' lang='lat' dir='ltr'><strong>essent,</strong></span> <span class='ocrx_word' id='word_1_105' title='bbox 933 1547 1007 1608; x_wconf 87' lang='lat' dir='ltr'><strong>nibil</strong></span> <span class='ocrx_word' id='word_1_106' title='bbox 1026 1547 1078 1610; x_wconf 85' lang='lat' dir='ltr'><strong>abs</strong></span> <span class='ocrx_word' id='word_1_107' title='bbox 1097 1553 1130 1609; x_wconf 88' lang='lat' dir='ltr'><strong>te</strong></span> 
     </span>
     <span class='ocr_line' id='line_1_15' title="bbox 196 1639 1130 1722; baseline -0.001 -21"><span class='ocrx_word' id='word_1_108' title='bbox 196 1639 342 1715; x_wconf 83' lang='lat' dir='ltr'><strong>eximium,</strong></span> <span class='ocrx_word' id='word_1_109' title='bbox 360 1640 436 1701; x_wconf 90' lang='lat' dir='ltr'><strong>nibil</strong></span> <span class='ocrx_word' id='word_1_110' title='bbox 456 1645 573 1722; x_wconf 84' lang='lat' dir='ltr'><strong>praeter</strong></span> <span class='ocrx_word' id='word_1_111' title='bbox 594 1640 715 1720; x_wconf 84' lang='lat' dir='ltr'><strong>aliorum</strong></span> <span class='ocrx_word' id='word_1_112' title='bbox 737 1640 980 1702; x_wconf 85' lang='lat' dir='ltr'><strong>eonsuetudinem</strong></span> <span class='ocrx_word' id='word_1_113' title='bbox 1000 1639 1130 1722; x_wconf 87' lang='lat' dir='ltr'><strong>postula-</strong></span> 
     </span>
     <span class='ocr_line' id='line_1_16' title="bbox 196 1731 1130 1813; baseline -0.001 -19"><span class='ocrx_word' id='word_1_114' title='bbox 196 1737 289 1794; x_wconf 85' lang='lat' dir='ltr'><strong>retur.</strong></span> <span class='ocrx_word' id='word_1_115' title='bbox 324 1732 415 1794; x_wconf 84' lang='lat' dir='ltr'><strong>Nune</strong></span> <span class='ocrx_word' id='word_1_116' title='bbox 426 1752 494 1794; x_wconf 77' lang='lat' dir='ltr'><strong>vero</strong></span> <span class='ocrx_word' id='word_1_117' title='bbox 506 1737 627 1813; x_wconf 87' lang='lat' dir='ltr'><strong>propter</strong></span> <span class='ocrx_word' id='word_1_118' title='bbox 639 1752 739 1794; x_wconf 82' lang='lat' dir='ltr'><strong>esrum</strong></span> <span class='ocrx_word' id='word_1_119' title='bbox 751 1751 849 1792; x_wconf 87' lang='lat' dir='ltr'><strong>rerum</strong></span> <span class='ocrx_word' id='word_1_120' title='bbox 861 1731 894 1792; x_wconf 92' lang='lat' dir='ltr'><strong>in</strong></span> <span class='ocrx_word' id='word_1_121' title='bbox 906 1731 1011 1812; x_wconf 90' lang='lat' dir='ltr'><strong>quibus</strong></span> <span class='ocrx_word' id='word_1_122' title='bbox 1023 1731 1130 1793; x_wconf 77' lang='lat' dir='ltr'><strong>versati</strong></span> 
     </span>
     <span class='ocr_line' id='line_1_17' title="bbox 198 1822 1128 1907; baseline -0.004 -19"><span class='ocrx_word' id='word_1_123' title='bbox 198 1845 299 1888; x_wconf 89' lang='lat' dir='ltr'><strong>sumus</strong></span> <span class='ocrx_word' id='word_1_124' title='bbox 312 1825 494 1907; x_wconf 83' lang='lat' dir='ltr'><strong>splendorem</strong></span> <span class='ocrx_word' id='word_1_125' title='bbox 504 1829 535 1886; x_wconf 84' lang='lat' dir='ltr'><strong>et</strong></span> <span class='ocrx_word' id='word_1_126' title='bbox 546 1824 785 1904; x_wconf 80' lang='lat' dir='ltr'><strong>magnitudinem,</strong></span> <span class='ocrx_word' id='word_1_127' title='bbox 794 1822 853 1884; x_wconf 87' lang='lat' dir='ltr'><strong>nisi</strong></span> <span class='ocrx_word' id='word_1_128' title='bbox 862 1842 1004 1884; x_wconf 86' lang='lat' dir='ltr'><strong>summam</strong></span> <span class='ocrx_word' id='word_1_129' title='bbox 1015 1823 1128 1884; x_wconf 86' lang='lat' dir='ltr'><strong>laudem</strong></span> 
     </span>
     <span class='ocr_line' id='line_1_18' title="bbox 197 1914 1130 1998; baseline -0.004 -19"><span class='ocrx_word' id='word_1_130' title='bbox 197 1938 234 1979; x_wconf 84' lang='lat' dir='ltr'><strong>ex</strong></span> <span class='ocrx_word' id='word_1_131' title='bbox 251 1918 311 1979; x_wconf 83' lang='lat' dir='ltr'><strong>ista</strong></span> <span class='ocrx_word' id='word_1_132' title='bbox 326 1917 474 1998; x_wconf 78' lang='lat' dir='ltr'><strong>provincia</strong></span> <span class='ocrx_word' id='word_1_133' title='bbox 489 1916 677 1997; x_wconf 82' lang='lat' dir='ltr'><strong>assequimur,</strong></span> <span class='ocrx_word' id='word_1_134' title='bbox 688 1915 738 1978; x_wconf 80' lang='lat' dir='ltr'><strong>vix</strong></span> <span class='ocrx_word' id='word_1_135' title='bbox 749 1915 880 1978; x_wconf 82' lang='lat' dir='ltr'><strong>ridemur</strong></span> <span class='ocrx_word' id='word_1_136' title='bbox 897 1934 1038 1988; x_wconf 84' lang='lat' dir='ltr'><strong>summam</strong></span> <span class='ocrx_word' id='word_1_137' title='bbox 1055 1914 1130 1976; x_wconf 82' lang='lat' dir='ltr'><strong>vitu·</strong></span> 
     </span>
     <span class='ocr_line' id='line_1_19' title="bbox 196 2004 1130 2090; baseline -0.002 -20"><span class='ocrx_word' id='word_1_138' title='bbox 196 2009 378 2090; x_wconf 88' lang='lat' dir='ltr'><strong>perationem</strong></span> <span class='ocrx_word' id='word_1_139' title='bbox 395 2027 481 2088; x_wconf 87' lang='lat' dir='ltr'><strong>posse</strong></span> <span class='ocrx_word' id='word_1_140' title='bbox 491 2004 592 2070; x_wconf 81' lang='lat' dir='ltr'><strong>vitare.</strong></span> <span class='ocrx_word' id='word_1_141' title='bbox 631 2009 676 2068; x_wconf 84' lang='lat' dir='ltr'><strong>Fa</strong></span> <span class='ocrx_word' id='word_1_142' title='bbox 693 2011 795 2090; x_wconf 87' lang='lat' dir='ltr'><strong>nostra</strong></span> <span class='ocrx_word' id='word_1_143' title='bbox 813 2007 888 2068; x_wconf 87' lang='lat' dir='ltr'><strong>ratio</strong></span> <span class='ocrx_word' id='word_1_144' title='bbox 908 2011 954 2068; x_wconf 86' lang='lat' dir='ltr'><strong>est</strong></span> <span class='ocrx_word' id='word_1_145' title='bbox 973 2011 1010 2072; x_wconf 87' lang='lat' dir='ltr'><strong>ut</strong></span> <span class='ocrx_word' id='word_1_146' title='bbox 1029 2027 1130 2069; x_wconf 89' lang='lat' dir='ltr'><strong>omnes</strong></span> 
     </span>
    </p>
   </div>
   <div class='ocr_carea' id='block_1_3' title="bbox 195 2097 1131 2273">
    <p class='ocr_par' dir='ltr' id='par_1_3' title="bbox 195 2097 1131 2273">
     <span class='ocr_line' id='line_1_20' title="bbox 195 2097 1130 2183; baseline -0.003 -21"><span class='ocrx_word' id='word_1_147' title='bbox 195 2101 268 2162; x_wconf 89' lang='lat' dir='ltr'><strong>boni</strong></span> <span class='ocrx_word' id='word_1_148' title='bbox 285 2105 378 2183; x_wconf 83' lang='lat' dir='ltr'><strong>quum</strong></span> <span class='ocrx_word' id='word_1_149' title='bbox 396 2099 521 2175; x_wconf 82' lang='lat' dir='ltr'><strong>faveant,</strong></span> <span class='ocrx_word' id='word_1_150' title='bbox 541 2105 607 2162; x_wconf 93' lang='lat' dir='ltr'><strong>tum</strong></span> <span class='ocrx_word' id='word_1_151' title='bbox 625 2099 713 2161; x_wconf 89' lang='lat' dir='ltr'><strong>etiam</strong></span> <span class='ocrx_word' id='word_1_152' title='bbox 732 2118 847 2160; x_wconf 90' lang='lat' dir='ltr'><strong>omnem</strong></span> <span class='ocrx_word' id='word_1_153' title='bbox 867 2097 989 2160; x_wconf 85' lang='lat' dir='ltr'><strong>anobis</strong></span> <span class='ocrx_word' id='word_1_154' title='bbox 1009 2098 1130 2179; x_wconf 78' lang='lat' dir='ltr'><strong>diligen·</strong></span> 
     </span>
     <span class='ocr_line' id='line_1_21' title="bbox 195 2190 1131 2273; baseline -0.002 -20"><span class='ocrx_word' id='word_1_155' title='bbox 195 2192 270 2272; x_wconf 71' lang='lat' dir='ltr'><strong>tium</strong></span> <span class='ocrx_word' id='word_1_156' title='bbox 277 2192 474 2272; x_wconf 76' lang='lat' dir='ltr'><strong>uirtutemque</strong></span> <span class='ocrx_word' id='word_1_157' title='bbox 486 2196 517 2253; x_wconf 92' lang='lat' dir='ltr'><strong>et</strong></span> <span class='ocrx_word' id='word_1_158' title='bbox 525 2190 676 2273; x_wconf 89' lang='lat' dir='ltr'><strong>postulent</strong></span> <span class='ocrx_word' id='word_1_159' title='bbox 689 2194 720 2252; x_wconf 90' lang='lat' dir='ltr'><strong>et</strong></span> <span class='ocrx_word' id='word_1_160' title='bbox 732 2194 909 2271; x_wconf 70' lang='lat' dir='ltr'><strong>exspectent,</strong></span> <span class='ocrx_word' id='word_1_161' title='bbox 917 2209 1018 2256; x_wconf 85' lang='lat' dir='ltr'><strong>omnes</strong></span> <span class='ocrx_word' id='word_1_162' title='bbox 1031 2195 1131 2252; x_wconf 84' lang='lat' dir='ltr'><strong>antem</strong></span> 
     </span>
    </p>
   </div>
   <div class='ocr_carea' id='block_1_4' title="bbox 192 2282 1134 3637">
    <p class='ocr_par' dir='ltr' id='par_1_4' title="bbox 192 2282 1134 3637">
     <span class='ocr_line' id='line_1_22' title="bbox 195 2282 1130 2365; baseline -0.003 -19"><span class='ocrx_word' id='word_1_163' title='bbox 195 2283 322 2364; x_wconf 86' lang='lat' dir='ltr'><strong>improbi</strong></span> <span class='ocrx_word' id='word_1_164' title='bbox 340 2284 419 2365; x_wconf 86' lang='lat' dir='ltr'><strong>quod</strong></span> <span class='ocrx_word' id='word_1_165' title='bbox 439 2303 506 2345; x_wconf 88' lang='lat' dir='ltr'><strong>enm</strong></span> <span class='ocrx_word' id='word_1_166' title='bbox 525 2282 562 2344; x_wconf 90' lang='lat' dir='ltr'><strong>iis</strong></span> <span class='ocrx_word' id='word_1_167' title='bbox 582 2282 691 2343; x_wconf 86' lang='lat' dir='ltr'><strong>bellum</strong></span> <span class='ocrx_word' id='word_1_168' title='bbox 711 2282 918 2364; x_wconf 87' lang='lat' dir='ltr'><strong>sempiternum</strong></span> <span class='ocrx_word' id='word_1_169' title='bbox 941 2282 1130 2364; x_wconf 86' lang='lat' dir='ltr'><strong>snseepimus,</strong></span> 
     </span>
     <span class='ocr_line' id='line_1_23' title="bbox 195 2373 1129 2456; baseline -0.004 -17"><span class='ocrx_word' id='word_1_170' title='bbox 195 2377 242 2439; x_wconf 81' lang='lat' dir='ltr'><strong>rel</strong></span> <span class='ocrx_word' id='word_1_171' title='bbox 254 2376 375 2437; x_wconf 80' lang='lat' dir='ltr'><strong>minimo</strong></span> <span class='ocrx_word' id='word_1_172' title='bbox 383 2395 417 2436; x_wconf 90' lang='lat' dir='ltr'><strong>re</strong></span> <span class='ocrx_word' id='word_1_173' title='bbox 429 2376 467 2437; x_wconf 88' lang='lat' dir='ltr'><strong>ad</strong></span> <span class='ocrx_word' id='word_1_174' title='bbox 476 2373 742 2456; x_wconf 82' lang='lat' dir='ltr'><strong>reprehendendum</strong></span> <span class='ocrx_word' id='word_1_175' title='bbox 750 2374 884 2436; x_wconf 87' lang='lat' dir='ltr'><strong>oontenti</strong></span> <span class='ocrx_word' id='word_1_176' title='bbox 893 2393 958 2437; x_wconf 87' lang='lat' dir='ltr'><strong>esse</strong></span> <span class='ocrx_word' id='word_1_177' title='bbox 965 2374 1129 2436; x_wconf 80' lang='lat' dir='ltr'><strong>rideantur.</strong></span> 
     </span>
     <span class='ocr_line' id='line_1_24' title="bbox 196 2465 1131 2547; baseline -0.004 -17"><span class='ocrx_word' id='word_1_178' title='bbox 196 2473 246 2530; x_wconf 79' lang='lat'><strong>42.</strong></span> <span class='ocrx_word' id='word_1_179' title='bbox 267 2468 367 2545; x_wconf 75' lang='lat' dir='ltr'><strong>Quare</strong></span> <span class='ocrx_word' id='word_1_180' title='bbox 386 2466 523 2547; x_wconf 88' lang='lat' dir='ltr'><strong>quoniam</strong></span> <span class='ocrx_word' id='word_1_181' title='bbox 542 2466 683 2547; x_wconf 86' lang='lat' dir='ltr'><strong>ejusmodi</strong></span> <span class='ocrx_word' id='word_1_182' title='bbox 701 2466 850 2527; x_wconf 80' lang='lat' dir='ltr'><strong>theutrum</strong></span> <span class='ocrx_word' id='word_1_183' title='bbox 869 2471 916 2527; x_wconf 89' lang='lat' dir='ltr'><strong>est</strong></span> <span class='ocrx_word' id='word_1_184' title='bbox 934 2466 1037 2542; x_wconf 90' lang='lat' dir='ltr'><strong>totius,</strong></span> <span class='ocrx_word' id='word_1_185' title='bbox 1057 2465 1131 2527; x_wconf 90' lang='lat' dir='ltr'><strong>oele·</strong></span> 
     </span>
     <span class='ocr_line' id='line_1_25' title="bbox 192 2557 1131 2640; baseline -0.003 -18"><span class='ocrx_word' id='word_1_186' title='bbox 192 2560 305 2622; x_wconf 76' lang='lat' dir='ltr'><strong>‚britste</strong></span> <span class='ocrx_word' id='word_1_187' title='bbox 325 2557 554 2634; x_wconf 79' lang='lat' dir='ltr'><strong>refertissimum,</strong></span> <span class='ocrx_word' id='word_1_188' title='bbox 571 2557 770 2637; x_wconf 77' lang='lat' dir='ltr'><strong>magnitudine</strong></span> <span class='ocrx_word' id='word_1_189' title='bbox 790 2557 1007 2639; x_wconf 87' lang='lat' dir='ltr'><strong>amplissimum,</strong></span> <span class='ocrx_word' id='word_1_190' title='bbox 1020 2557 1131 2640; x_wconf 79' lang='lat' dir='ltr'><strong>jndicio</strong></span> 
     </span>
     <span class='ocr_line' id='line_1_26' title="bbox 196 2677 1131 2743; baseline -0.003 -12"><span class='ocrx_word' id='word_1_191' title='bbox 196 2680 237 2732; x_wconf 77' lang='lat' dir='ltr'><strong>Ad</strong></span> <span class='ocrx_word' id='word_1_192' title='bbox 259 2680 312 2730; x_wconf 58' lang='grc' dir='ltr'><strong>Λα.</strong></span> <span class='ocrx_word' id='word_1_193' title='bbox 338 2679 369 2728; x_wconf 81' lang='lat' dir='ltr'><strong>ir.</strong></span> <span class='ocrx_word' id='word_1_194' title='bbox 392 2679 420 2729; x_wconf 72' lang='lat' dir='ltr'><strong>l:</strong></span> <span class='ocrx_word' id='word_1_195' title='bbox 450 2677 509 2728; x_wconf 78' lang='lat' dir='ltr'><strong>“its</strong></span> <span class='ocrx_word' id='word_1_196' title='bbox 534 2682 589 2729; x_wconf 86' lang='lat' dir='ltr'><strong>sunt</strong></span> <span class='ocrx_word' id='word_1_197' title='bbox 607 2693 646 2728; x_wconf 83' lang='lat' dir='ltr'><strong>res</strong></span> <span class='ocrx_word' id='word_1_198' title='bbox 677 2678 1131 2743; x_wconf 73' lang='lat' dir='ltr'><strong>rageappearstbnsinsometsxtsz</strong></span> 
     </span>
     <span class='ocr_line' id='line_1_27' title="bbox 196 2742 1133 2803; baseline -0.002 -9"><span class='ocrx_word' id='word_1_199' title='bbox 196 2742 645 2803; x_wconf 58' lang='lat' dir='ltr'><strong>mentinuonndinflune,”</strong></span> <span class='ocrx_word' id='word_1_200' title='bbox 678 2743 824 2792; x_wconf 66' lang='lat' dir='ltr'><strong>“nauum</strong></span> <span class='ocrx_word' id='word_1_201' title='bbox 859 2743 906 2792; x_wconf 83' lang='lat' dir='ltr'><strong>tuis</strong></span> <span class='ocrx_word' id='word_1_202' title='bbox 936 2742 1064 2792; x_wconf 66' lang='lat' dir='ltr'><strong>remmus</strong></span> <span class='ocrx_word' id='word_1_203' title='bbox 1095 2748 1133 2792; x_wconf 78' lang='lat' dir='ltr'><strong>est</strong></span> 
     </span>
     <span class='ocr_line' id='line_1_28' title="bbox 197 2804 1133 2884; baseline -0.002 -26"><span class='ocrx_word' id='word_1_204' title='bbox 197 2806 524 2867; x_wconf 56' lang='lat' dir='ltr'><strong>wrmdbdffiniib.</strong></span> <span class='ocrx_word' id='word_1_205' title='bbox 540 2806 628 2870; x_wconf 70' lang='lat' dir='ltr'><strong>sepse</strong></span> <span class='ocrx_word' id='word_1_206' title='bbox 678 2804 786 2869; x_wconf 51' lang='lat' dir='ltr'><strong>datum!</strong></span> <span class='ocrx_word' id='word_1_207' title='bbox 827 2806 1015 2884; x_wconf 32' lang='lat' dir='ltr'><strong>&#39;l’ne-mepning</strong></span> <span class='ocrx_word' id='word_1_208' title='bbox 1039 2807 1068 2856; x_wconf 77' lang='lat' dir='ltr'><strong>oi</strong></span> <span class='ocrx_word' id='word_1_209' title='bbox 1090 2806 1133 2856; x_wconf 75' lang='lat' dir='ltr'><strong>us</strong></span> 
     </span>
     <span class='ocr_line' id='line_1_29' title="bbox 193 2997 1133 3138; baseline -0.001 -26"><span class='ocrx_word' id='word_1_210' title='bbox 193 2997 508 3127; x_wconf 64' lang='grc' dir='ltr'><strong>00οΜ</strong></span> <span class='ocrx_word' id='word_1_211' title='bbox 529 2997 650 3113; x_wconf 71' lang='lat' dir='ltr'><strong>ru</strong></span> <span class='ocrx_word' id='word_1_212' title='bbox 679 2997 1133 3138; x_wconf 72' lang='grc'><strong>00000</strong></span> 
     </span>
     <span class='ocr_line' id='line_1_30' title="bbox 193 3125 1133 3252; baseline -0.002 -12"><span class='ocrx_word' id='word_1_213' title='bbox 193 3125 506 3240; x_wconf 68' lang='lat' dir='ltr'><strong>momen..</strong></span> <span class='ocrx_word' id='word_1_214' title='bbox 597 3126 651 3238; x_wconf 83' lang='grc'><strong>0</strong></span> <span class='ocrx_word' id='word_1_215' title='bbox 761 3125 1133 3252; x_wconf 79' lang='grc'><strong>0000</strong></span> 
     </span>
     <span class='ocr_line' id='line_1_31' title="bbox 193 3252 1134 3316; baseline -0.002 -13"><span class='ocrx_word' id='word_1_216' title='bbox 193 3255 380 3316; x_wconf 60' lang='grc' dir='ltr'><strong>κώμῳ</strong></span> <span class='ocrx_word' id='word_1_217' title='bbox 681 3252 1134 3315; x_wconf 57' lang='lat' dir='ltr'><strong>annumeremur·</strong></span> 
     </span>
     <span class='ocr_line' id='line_1_32' title="bbox 228 3315 1134 3430; baseline -0.003 -63"><span class='ocrx_word' id='word_1_218' title='bbox 228 3319 360 3367; x_wconf 67' lang='lat' dir='ltr'><strong>nm</strong></span> <span class='ocrx_word' id='word_1_219' title='bbox 376 3320 413 3365; x_wconf 74' lang='lat' dir='ltr'><strong>oes</strong></span> <span class='ocrx_word' id='word_1_220' title='bbox 429 3316 533 3430; x_wconf 45' lang='lat' dir='ltr'><strong>‘omli</strong></span> <span class='ocrx_word' id='word_1_221' title='bbox 559 3315 650 3366; x_wconf 84' lang='lat' dir='ltr'><strong>&#39;l&#39;blsis</strong></span> <span class='ocrx_word' id='word_1_222' title='bbox 680 3315 1134 3380; x_wconf 64' lang='lat' dir='ltr'><strong>toosoresomnttbsttbespplame</strong></span> 
     </span>
     <span class='ocr_line' id='line_1_33' title="bbox 192 3379 1133 3444; baseline 0 -15"><span class='ocrx_word' id='word_1_223' title='bbox 192 3381 424 3444; x_wconf 65' lang='lat' dir='ltr'><strong>mundymsrupt.</strong></span> <span class='ocrx_word' id='word_1_224' title='bbox 543 3379 1133 3443; x_wconf 60' lang='lat' dir='ltr'><strong>mummdsbonuueeeboedevento</strong></span> 
     </span>
     <span class='ocr_line' id='line_1_34' title="bbox 193 3442 1132 3531; baseline -0.002 -38"><span class='ocrx_word' id='word_1_225' title='bbox 193 3446 254 3502; x_wconf 67' lang='lat' dir='ltr'><strong>mat,</strong></span> <span class='ocrx_word' id='word_1_226' title='bbox 269 3443 463 3505; x_wconf 69' lang='lat' dir='ltr'><strong>iinotbingbss</strong></span> <span class='ocrx_word' id='word_1_227' title='bbox 478 3443 650 3531; x_wconf 49' lang='lat' dir='ltr'><strong>beenlmrre,</strong></span> <span class='ocrx_word' id='word_1_228' title='bbox 680 3442 781 3492; x_wconf 80' lang='lat' dir='ltr'><strong>Rome.”</strong></span> <span class='ocrx_word' id='word_1_229' title='bbox 814 3442 1132 3506; x_wconf 72' lang='lat' dir='ltr'><strong>‘Oslebrites&#39;tsexphined</strong></span> 
     </span>
     <span class='ocr_line' id='line_1_35' title="bbox 193 3505 775 3637; baseline -0.009 -16"><span class='ocrx_word' id='word_1_230' title='bbox 193 3505 650 3637; x_wconf 51' lang='lat' dir='ltr'><strong>met-remunera</strong></span> <span class='ocrx_word' id='word_1_231' title='bbox 681 3507 737 3557; x_wconf 58' lang='lat'><strong>“⁸⁴</strong></span> <span class='ocrx_word' id='word_1_232' title='bbox 766 3597 775 3616; x_wconf 93' lang='lat'><strong>.</strong></span> 
     </span>
    </p>
   </div>
   <div class='ocr_carea' id='block_1_5' title="bbox 0 0 1390 4034">
    <p class='ocr_par' dir='ltr' id='par_1_5' title="bbox 0 0 1390 4034">
     <span class='ocr_line' id='line_1_36' title="bbox 0 0 1390 4034; baseline 0 0"><span class='ocrx_word' id='word_1_233' title='bbox 0 0 1390 4034; x_wconf 95' lang='lat' dir='ltr'><strong> </strong></span> 
     </span>
    </p>
   </div>
  </div>
 </body>
</html>
