2768 4034
576 292 939 356 aramma
1142 260 1222 363 vura

282 444 385 530 possit.
435 445 526 524 Quod
547 470 637 530 quum
660 449 804 530 optimum
829 449 1043 531 maximumque
1069 450 1117 526 sit,
1140 450 1167 512 si
1191 451 1223 512 id

282 541 416 602 volumus
439 540 568 623 adipisci,
587 541 692 603 virtuti
713 562 800 623 opera
819 541 914 603 danda
932 545 987 617 est,
1008 542 1072 604 aine
1091 562 1150 623 qua
1168 563 1223 605 neo

283 632 442 693 amicitiam
466 654 561 714 neque
582 634 671 694 ullam
692 625 755 695 rem
777 633 968 714 expetendam
994 633 1133 714 consequi
1156 653 1224 714 pos-

284 739 394 785 sumus.
420 723 545 785 Favere
554 725 1025 805 neglectaquiseamiooshuhere
1033 725 1223 800 arbitrantur,

283 820 350 875 tum
362 833 395 876 se
409 814 533 896 denique
552 836 663 877 errasse
682 817 815 878 sentiunt
830 837 921 898 quum
940 836 991 878 eos
1010 817 1106 896 gravis
1118 817 1223 898 aliquis

284 925 370 967 ossus
390 907 514 987 experiri
536 907 624 986 cogit.
663 911 711 968 85.
733 908 883 984 Quocirca,
903 907 1058 972 dicendum
1077 913 1124 969 est
1143 908 1223 970 enim

284 997 409 1078 saepius,
429 1018 519 1078 quum
537 998 719 1080 judicaveris,
740 1000 859 1080 diligere
880 1004 1013 1080 oportet;
1039 1019 1109 1075 non,
1131 1020 1222 1079 quum

285 1088 427 1162 dilexeris,
436 1090 575 1170 judicare.
616 1092 673 1152 Sed
682 1111 772 1172 quum
783 1091 885 1152 multis
897 1091 931 1151 in
942 1091 1030 1156 rebus
1042 1091 1224 1170 negligentia

284 1179 446 1264 pig-oetimur,
454 1185 519 1249 tum
531 1181 653 1242 maxime
662 1183 694 1243 in
707 1182 807 1244 amicis
816 1188 848 1244 et
858 1181 1017 1261 deligendis
1031 1187 1062 1242 et
1076 1181 1222 1256 colendis;

284 1271 477 1352 praeposteris
500 1274 578 1334 enim
595 1273 707 1334 utimur
726 1272 853 1334 consiliis
873 1279 904 1334 et
923 1279 989 1335 acta
1008 1272 1130 1352 agium
1143 1273 1221 1353 quod

283 1358 415 1424 ietamur
426 1369 524 1426 vetere
542 1354 702 1445 proverbio.
741 1365 775 1426 N
774 1385 821 1425 am
837 1364 979 1445 implicati
995 1365 1075 1426 ultro
1095 1370 1126 1426 et
1145 1364 1220 1426 citro

283 1455 329 1516 vel
341 1476 399 1517 usu
412 1456 551 1518 diuturno
562 1456 610 1517 iel
621 1457 710 1517 etiam
723 1456 823 1518 officiis
840 1463 963 1539 repente
975 1457 1008 1518 in
1021 1452 1117 1519 medio
1131 1476 1220 1519 eursu

284 1546 424 1609 amicitias
437 1553 538 1610 exorta
550 1548 645 1630 aliqua
658 1549 816 1611 offensione
830 1549 1029 1630 dirumpimus.
1088 1563 1091 1572 ·

287 1659 290 1685 1
322 1640 447 1701 XXIII.
469 1643 517 1701 86.
539 1641 606 1716 Quo
619 1641 708 1700 etiam
719 1641 811 1721 inagis
823 1640 1015 1722 vituperanda
1026 1645 1073 1701 est
1084 1640 1129 1701 rei
1140 1658 1219 1702 max·

283 1731 340 1792 ime
351 1732 528 1793 necessariae
540 1737 626 1794 tanta
636 1731 756 1794 incuria
796 1733 868 1794 Una
886 1738 933 1794 est
952 1731 1029 1793 enim
1048 1732 1220 1807 amicitiain

283 1824 370 1884 rebus
381 1824 516 1884 humanis
533 1824 569 1884 de
588 1823 672 1904 cujus
683 1824 814 1885 utilitate
831 1843 932 1886 omnes
946 1843 1007 1885 uno
1028 1842 1077 1883 ore
1098 1843 1220 1884 eonsen-

284 1914 381 1975 tiunt:
410 1934 582 1995 quamquam
604 1935 623 1975 a
644 1899 746 1975 multis
768 1915 862 1976 virtus
882 1915 947 1994 ipsa
968 1914 1168 1975 contemnitur
1188 1919 1221 1974 et

284 2006 443 2067 venditatio
457 2005 596 2086 quaedam
610 2010 698 2087 atque
716 2005 874 2068 ostentatio
894 2025 957 2066 esse
971 2004 1086 2066 dieitur.
1125 2005 1222 2071 Multi

285 2096 399 2158 divitias
420 2097 592 2178 despiciunt,
616 2118 689 2178 quos
710 2118 799 2178 parvo
825 2102 980 2162 eontentos
1002 2096 1112 2165 tenuis,
1124 2096 1221 2159 rietus

285 2189 438 2268 cultusque
456 2188 598 2264 delectat3
616 2189 741 2250 honores
753 2208 821 2249 vero
841 2198 965 2268 quorum
985 2186 1145 2268 cupiditate
1158 2188 1220 2269 qui·¹

285 2279 352 2340 dam
370 2280 597 2356 inflammantia,
611 2282 696 2361 quim
717 2280 804 2341 multi
821 2279 865 2341 ita
883 2285 1076 2341 contemnunt
1092 2284 1129 2340 ut
1145 2280 1223 2353 nihil

285 2371 410 2447 inanius,
422 2371 497 2432 nihil
509 2392 573 2433 esse
585 2373 677 2433 levius
689 2372 872 2433 existiment:
892 2372 1020 2451 itemque
1035 2377 1133 2433 eetera
1145 2392 1219 2453 quae

285 2463 457 2543 quibusdam
478 2464 655 2526 admirabilia
674 2464 819 2538 ridentur,
839 2462 979 2544 permulti
999 2468 1071 2524 suut
1091 2462 1143 2544 qui
1164 2483 1218 2544 pro

282 2609 735 2722 amamur
765 2609 999 2733 aarum
1010 2657 1217 2736 esra

282 2728 732 2848 hubefoffihappyhffisuffi
763 2751 784 2785 rs
806 2736 849 2784 the
865 2735 1179 2848 ‘wongoffi
1194 2737 1217 2786 lt

280 2814 415 2911 dimensos
424 2867 450 2912 ao
461 2861 492 2912 is
504 2814 603 2911 iiiia
618 2814 729 2925 oriam„
761 2814 854 2921 »Ἢ
870 2861 1008 2911 ‘saiwai
1027 2815 1082 2910 cxli
1096 2815 1216 2922 imai?

280 2927 394 2975 wereauh
407 2927 429 2975 it
442 2926 546 2988 through
559 2925 643 2984 virtue,
654 2926 731 2974 ahloh
761 2927 830 2975 when
850 2924 933 2975 ‘aihu'
954 2926 976 2973 is
996 2925 1039 2975 the
1057 2925 1214 2976 ‘haohvardl

279 2990 344 3039 lesda
354 2995 380 3040 te
389 2989 532 3053 hiendshipr
548 2989 630 3038 audin
642 2989 730 3039 hiend·
749 2990 829 3040 'With
846 2987 980 3052 ‘implicati'
996 2989 1018 3038 it
1035 3004 1158 3052 expresses
1172 2991 1216 3041 the

280 3054 333 3116 ship
344 3055 436 3103 ‘omnia
443 3054 541 3112 insunt’
552 3055 596 3103 &a
761 3053 877 3116 complete
885 3054 1045 3102 involvemeut
1055 3068 1083 3102 or
1092 3054 1215 3117 sutangle-

388 3117 509 3230 eei
759 3116 928 3230 mu
947 3116 1028 3230 ,sa
1142 3120 1215 3168 ‘m

277 3197 448 3357 irtio
465 3182 730 3294 ‘ii‘
855 3194 1018 3370 urci
1033 3195 1216 3357 tite:

277 3341 580 3434 maim,aiunt',ne'agls.”
595 3323 729 3435 ⁸I'heprd'·
755 3386 812 3420 man
828 3322 913 3420 νηριδες
928 3375 956 3420 to
973 3371 1033 3429 sellr
1050 3323 1212 3420 lacrimaret

276 3435 333 3511 verb
343 3435 449 3497 explains
464 3437 507 3487 the
523 3435 588 3484 sord
605 3437 728 3497 ‘praepos
755 3433 1213 3498 tempttomakaathingoppeorverth

277 3496 355 3547 terar'
384 3502 443 3546 “we
469 3499 500 3547 do
525 3497 730 3548 thatastuwards
756 3497 961 3548 morethuultis.
1048 3516 1049 3520 ¹

275 3560 728 3622 whiohweshoulddotrstr''thatis,
