2768 4034
433 302 493 364 ιι)
515 299 721 379 cumcun
738 299 950 375 murnum
1100 303 1159 361 ιιι

222 460 362 525 Asiaticis
384 458 541 521 itinemhus
563 461 600 518 nt
626 455 652 518 si
676 457 735 517 iter
753 455 853 537 Appia
877 456 925 519 ria
949 457 1067 531 faceres,
1087 476 1161 518 neve

222 553 367 614 interesse
392 550 549 631 quidquam
574 553 682 630 putent
707 553 810 609 utrum
834 548 940 609 Trallis
966 569 1006 610 sm
1030 548 1162 610 Formias

222 644 367 706 venerint.
405 643 453 702 Ac
473 639 576 721 siquis
597 644 644 701 est
656 661 693 700 ex
710 640 801 700 servis
822 641 938 720 egregie
955 640 1058 715 fidelis,
1071 641 1111 701 sit
1128 640 1162 701 in

224 734 391 798 domesticis
403 732 492 794 rebus
504 737 536 793 et
547 731 684 812 privatis:
704 746 779 810 quae
795 751 843 792 res
862 732 900 792 ad
912 731 1038 794 officium
1049 731 1162 812 imperii

223 826 272 888 tui
284 830 373 906 atque
390 824 428 885 ad
445 823 570 904 aliquam
581 827 696 904 partem
712 822 902 903 reipublicae
914 823 1113 904 pertinebunt,
1126 823 1163 884 de

224 917 262 978 iis
274 917 364 978 rebus
376 935 415 976 ne
428 914 499 997 quid
510 913 646 994 attingat.
686 913 789 975 Multa
807 913 886 976 enim
898 934 973 996 quae
989 922 1070 976 recte
1087 935 1162 976 oom-

224 1007 307 1069 mitti
324 1007 414 1068 servis
426 1005 560 1068 fidelibus
576 1009 712 1086 possunt,
725 1010 827 1066 umen
846 1007 987 1072 sermonis
1007 1012 1039 1068 et
1051 1006 1163 1087 vitupe-

224 1099 347 1160 rationis
359 1098 493 1161 uitandae
513 1116 601 1178 causa
617 1096 827 1158 committenda
843 1115 907 1158 non
918 1102 997 1167 sunt.
1038 1101 1086 1160 18.
1107 1097 1164 1159 Sed

224 1189 402 1268 nescioquo
424 1192 510 1270 pacto
533 1188 571 1249 ad
592 1187 791 1269 praecipiendi
813 1187 956 1249 rationem
980 1188 1096 1270 delapsa
1117 1195 1163 1250 est

190 1317 195 1328 ·
226 1280 320 1351 oratio
337 1301 409 1356 mea,
422 1301 513 1360 quum
532 1279 564 1341 id
582 1278 656 1340 mihi
666 1278 852 1360 propositum
869 1279 954 1341 initio
971 1301 1034 1342 non
1049 1279 1163 1343 fuisset.

227 1372 307 1450 Quid
327 1374 408 1448 enim
426 1373 455 1433 ci
475 1370 652 1452 praecipiam
673 1391 762 1453 quem
784 1391 839 1451 ego
861 1370 895 1433 in
916 1373 972 1434 hoo
993 1372 1165 1454 praesertim

225 1475 332 1544 genere
344 1463 505 1545 intelligam
513 1462 672 1545 prudentia
683 1457 746 1524 non
756 1483 824 1524 esse
835 1462 1000 1526 inferiorem
1009 1485 1095 1546 quam
1106 1484 1163 1542 me,

224 1577 283 1618 usu
300 1577 368 1618 vero
387 1556 477 1617 etiam
497 1554 703 1637 superiorem?
743 1555 803 1616 sed
819 1560 920 1617 tamen
939 1556 965 1617 si
983 1557 1021 1618 ad
1039 1545 1164 1637 eaquae

224 1649 334 1710 faceres
351 1647 510 1709 auctoritas
530 1646 681 1708 accederet
694 1667 768 1723 mea,
781 1646 838 1708 tibi
849 1647 913 1728 ipsa
928 1648 979 1710 illa
989 1649 1091 1729 putavi
1101 1649 1164 1710 iore

222 1739 405 1822 jucundiora.
441 1739 540 1816 Quare
552 1738 615 1800 sint
626 1738 700 1801 haec
712 1738 904 1824 thndameuta
915 1739 1065 1820 dignitatis
1078 1742 1164 1817 tuae;

225 1836 279 1891 tua
291 1831 419 1911 primum
430 1829 587 1910 integritas
601 1834 633 1891 et
645 1829 844 1891 rontinentia:
861 1829 964 1891 deinde
977 1834 1105 1894 omnium
1115 1834 1166 1915 qui

225 1926 324 1994 tecum
337 1916 408 1981 sunt
420 1919 532 2001 pudor:
553 1921 684 1982 delectus
701 1920 735 1981 in
746 1920 992 1999 familiaritatibus
1008 1929 1039 1985 et
1051 1925 1165 2005 provin·

226 2011 344 2074 ciaiium
362 2011 514 2073 hominum
538 2015 570 2073 et
592 2011 773 2074 Graecorum
795 2017 951 2092 percautus
973 2019 1005 2076 et
1027 2016 1165 2096 diligens:

226 2103 352 2178 iamdice
374 2103 468 2183 gravis
491 2108 523 2164 et
546 2107 684 2164 constans
705 2102 864 2185 disciplina
905 2108 952 2167 19.
975 2106 1057 2183 Quae
1076 2128 1166 2190 quum

226 2195 352 2257 honesta
365 2197 426 2256 sint
443 2197 477 2257 in
496 2195 544 2256 his
565 2195 685 2277 privatis
705 2195 817 2257 nostris
832 2196 1064 2280 quotidianisque
1080 2199 1166 2276 retio-

227 2287 325 2364 nihut,
337 2287 371 2349 in
382 2293 467 2349 tanto
480 2286 611 2369 imperio,
624 2292 687 2348 tam
700 2286 862 2368 depravatis
880 2288 1016 2366 moribus,
1028 2296 1088 2352 tam
1106 2311 1167 2353 cor·

228 2380 359 2460 mptrice
378 2379 535 2460 provincia,
555 2378 652 2441 divina
673 2378 828 2440 videantur
847 2394 967 2443 necesse
990 2387 1044 2444 est.
1083 2384 1167 2445 Haeo

228 2470 380 2532 institutio
393 2474 482 2550 atque
499 2471 572 2531 haec
591 2470 743 2551 disciplina
757 2475 858 2551 potest
876 2473 1021 2534 munere
1035 2473 1068 2534 in
1079 2475 1167 2545 rebus

230 2561 397 2623 statuendis
417 2566 449 2621 et
468 2560 657 2626 decernendis
679 2581 744 2622 eam
763 2561 945 2624 severitatem
957 2585 1015 2644 qua
1031 2569 1068 2626 tu
1083 2564 1117 2626 in
1129 2565 1166 2626 iis

229 2652 319 2713 rebus
331 2672 405 2712 usus
418 2672 450 2713 ca
468 2672 504 2712 cx
516 2651 623 2732 quibus
635 2652 792 2714 nonnullas
805 2652 967 2715 simultates
979 2675 1046 2717 cum
1062 2673 1167 2736 magna

229 2763 295 2805 mee
312 2743 426 2804 laetitia
445 2748 596 2824 susceptas
616 2744 765 2804 habemus.
804 2743 873 2805 Nisi
888 2745 966 2806 forte
986 2767 1033 2814 me
1048 2748 1168 2810 Paeonii

229 2834 328 2896 nescio
353 2835 437 2915 cujus
462 2833 589 2894 hominis
614 2854 654 2895 ne
676 2832 781 2896 Graeci
803 2835 919 2915 quidem
943 2857 977 2898 ac
996 2838 1090 2919 Mysii
1115 2840 1168 2900 aut

232 2924 357 3007 Phrygis
375 2924 474 3006 potius
493 2924 618 3006 querelis
637 2925 747 2987 moveri
764 2931 871 3006 putas3
892 2932 945 2989 ant
962 2929 1099 2991 Tuscenii
1117 2932 1168 2992 ho-

233 3055 394 3113 insuam
367 3051 515 3118 asifthey
540 3053 589 3103 had
616 3067 684 3103 come
715 3029 1170 3109 fmthctlsthewldeetsemeotthe

233 3118 686 3178 toanltaliantownllcrmlamcr
716 3120 793 3167 term
809 3119 1171 3172 allvhowersunderhimas

234 3183 358 3294 Ἥ
385 3258 430 3308 qao
452 3244 538 3308 pacto]
579 3243 687 3294 Alittle
716 3139 1173 3312 nipe-ungoiilaieiiiffefi

236 3309 374 3358 furtheron
387 3308 487 3357 therela
502 3307 686 3394 ‘mosaica’
720 3322 773 3358 com
773 3309 1014 3372 prehendcdnnder‘
1020 3312 1125 3362 amma‘

238 3371 349 3423 ‘Nescio'
370 3371 447 3420 an‘d
456 3369 515 3435 quis’
534 3386 619 3484 go!unt
581 3371 689 3460 together
750 3373 789 3421 Ao
814 3373 892 3435 Musti
912 3378 956 3424 cat
976 3375 1092 3438 Puppe,
1115 3377 1171 3441 dcc]

237 3450 366 3486 monast
344 3435 554 3522 'liid'iuiw
562 3435 688 3498 smtqat:
721 3411 1174 3494 domeMSS.hsre‘,'atotheishave

239 3499 350 3564 ‘triestq
352 3497 577 3547 'nmmum
722 3497 795 3548 Ιἰοᾰ.
828 3499 1175 3554 ‘'¹'Aoandataeamtobe

271 3562 402 3626 Familiae]
438 3560 690 3626 Hiacwnhcmehold,
722 3561 789 3613 often
798 3562 1117 3620 emendacionem
