2768 4034
384 365 387 387 j
466 300 768 365 nnmnonnnum
786 302 907 365 mem
925 301 1026 366 uuo.
1153 305 1212 366 aee

275 457 405 518 'lantum
416 456 538 518 eooeesit
546 461 583 518 ut
595 456 668 518 mihi
678 472 759 531 nuno
768 457 894 540 donique
904 479 1001 528 amare
1009 457 1116 536 videar,
1127 463 1214 521 antee

276 548 418 610 dilexisse.
459 548 558 624 Quare
570 548 700 630 quidest
713 549 792 629 quod
803 570 858 630 ego
870 555 903 614 to
915 551 1016 613 horter
1027 555 1064 611 ut
1075 548 1213 630 dignitati

276 645 308 700 et
320 639 428 720 gloriae
441 639 572 702 serumst
585 660 745 722 proponam
758 641 814 702 tibi
826 642 919 704 eleros
931 642 1016 718 viros,
1030 642 1108 722 quod
1119 643 1214 710 faeere

276 731 373 792 solent
390 729 442 811 qui
459 731 640 804 hortentur?
678 732 836 794 Neminem
854 733 947 796 habeo
966 733 1113 796 elatiorem
1127 754 1213 815 quem

274 827 308 882 te
327 822 434 903 ipsum.
474 822 516 883 Te
535 822 649 884 imitere
668 828 804 904 oportet:
824 830 923 887 tecum
939 825 1003 906 ipse
1022 832 1124 886 certes.
1162 828 1212 890 Ne

275 912 344 974 lieet
357 912 473 995 quidem
487 913 543 975 tibi
551 913 613 994 jam
624 915 718 975 tantis
736 914 824 976 nebus
844 915 935 995 gestis
953 937 1015 978 non
1031 917 1078 977 tui
1090 916 1212 985 similem

274 1025 349 1088 esee,
390 1003 479 1082 Quod
497 1025 586 1085 quum
608 1005 652 1066 ita
672 1007 720 1081 sit,
738 1006 866 1068 hortatio
888 1028 949 1069 non
970 1014 1017 1070 est
1034 1009 1211 1086 neeessaria3

274 1097 471 1175 gratulatione
483 1096 576 1176 magis
589 1096 732 1158 utendum
744 1102 808 1160 est..
828 1098 963 1178 Oontigit
975 1099 1052 1160 enim
1061 1099 1126 1175 tibi,
1134 1103 1212 1184 quod

274 1188 354 1250 hsud
366 1188 427 1250 seio
439 1207 479 1248 en
491 1188 610 1264 nemini,
622 1193 659 1250 ut
671 1208 785 1250 summe
801 1189 939 1252 seienitas
958 1188 1212 1262 animadversionis

274 1300 336 1347 non
346 1281 431 1358 modo
440 1299 502 1341 non
510 1279 652 1342 invidiose
664 1280 815 1342 sedetiam
823 1282 971 1363 populans
984 1287 1070 1358 esset,
1080 1288 1112 1344 et
1122 1303 1212 1364 quum

273 1372 359 1435 bonis
372 1371 507 1434 omnibus
518 1377 583 1432 tum
595 1371 696 1434 infimo
709 1371 814 1453 ouique
826 1373 998 1452 gretissima
1035 1374 1104 1436 Hoo
1117 1373 1143 1436 si
1153 1375 1211 1444 tibi

272 1464 393 1538 fortuna
405 1464 528 1546 quadam
541 1463 721 1543 contigisset,
734 1465 896 1543 gratularer
905 1464 1039 1527 felioitati
1052 1471 1138 1528 tuaez
1158 1467 1211 1529 sed

271 1556 397 1636 contigit
409 1554 610 1635 magnitudine
622 1576 713 1638 quum
725 1556 815 1617 animi
823 1563 890 1618 tum
902 1557 991 1619 etiam
1002 1557 1114 1636 ingenii
1122 1553 1211 1639 atque

270 1647 393 1710 oonsilii
433 1646 508 1726 Legi
520 1647 600 1709 enim
618 1648 784 1710 oontionem
802 1652 893 1720 tuem.
933 1648 1018 1710 Nihil
1030 1649 1081 1710 illa
1098 1649 1211 1730 sapien·

271 1739 342 1801 tina
381 1741 432 1802 Ita
449 1738 632 1818 pedetentim
651 1743 684 1801 et
704 1738 846 1817 gradatim
859 1745 925 1800 tum
946 1751 1078 1802 eeoessus
1096 1747 1162 1812 ete
1173 1741 1212 1810 ed

272 1851 390 1894 eausam
406 1828 486 1903 faeti,
499 1835 565 1890 tum
581 1850 722 1904 recessus,
735 1835 772 1890 ut
789 1850 838 1891 res
855 1830 920 1911 ipsa
938 1830 1138 1893 metui-itatem
1156 1833 1213 1895 tibi

273 1920 521 1997 animedvertendi
534 1921 665 1982 omnium
677 1940 817 1982 oonoessu
831 1921 923 1984 deret.
963 1922 1110 1984 liberesti
1121 1923 1213 2003 igitur

273 2019 306 2075 ot
324 2014 427 2076 urbem
445 2013 574 2096 periculo
597 2017 629 2074 et
649 2012 797 2074 eivitetem
818 2018 921 2088 metu;
945 2032 1041 2095 neque
1060 2014 1155 2075 solum
1174 2015 1212 2077 ad

273 2112 390 2187 tempus
403 2105 557 2166 maximam
570 2103 729 2164 utilitatem
747 2103 876 2165 attulisti
892 2103 945 2164 sed
964 2104 1050 2166 etium
1065 2104 1103 2166 ad
1115 2124 1210 2166 exem.

273 2197 363 2278 plum.
399 2197 468 2273 Quo
479 2196 558 2257 feoto
569 2195 733 2275 intelligere
746 2194 835 2256 debes
846 2195 880 2257 in
891 2201 923 2257 te
936 2195 1061 2277 positam
1074 2216 1138 2258 esse
1149 2215 1213 2259 nem

273 2288 427 2369 publicam,
440 2286 553 2368 tibique
569 2306 632 2348 non
643 2286 729 2348 modo
746 2287 881 2362 tuendos,
895 2288 948 2350 sed
966 2288 1055 2349 etiem
1067 2289 1211 2352 ornandos

274 2400 338 2441 esse
355 2380 421 2441 illos
432 2379 519 2454 viros,
532 2399 551 2439 a
564 2379 668 2459 quibus
685 2377 804 2439 initium
816 2379 962 2441 libertatis
979 2381 1143 2462 profectum
1155 2387 1209 2462 eet.

274 2471 333 2532 Sed
344 2471 392 2532 his
408 2470 445 2531 de
463 2470 551 2531 rebus
571 2490 668 2532 eoram
684 2469 770 2551 plura
789 2471 965 2551 propediem,
978 2477 1014 2533 ut
1033 2492 1126 2553 spero.
1166 2474 1212 2534 Tu

304 2610 572 2674 Formae-felleum]
603 2611 729 2660 'l'hlsmu-
759 2610 873 2674 megum
898 2615 1032 2662 mosoment
1058 2613 1142 2678 (leod).
1164 2615 1212 2664 md

273 2674 728 2724 firmawhethasbeeaseidina‘n·
759 2675 1212 2731 thmdomtheoeusemovedbaok

273 2736 730 2802 otherplaoe(DeAm·o.10)thst
759 2739 1083 2795 totluemessuneatobe
1169 2743 1212 2792 ted

274 2799 728 2865 ‘laddms'is‘goodfortnne‚'‘good
759 2802 819 2861 thet,
842 2806 885 2852 lto.
916 2799 1076 2853 'l'hlslsone
1096 2805 1125 2854 ol

272 2866 344 2924 look?
759 2872 881 2916 sonteneee
888 2866 966 2916 whloh
981 2867 1051 2917 meke
1062 2883 1092 2917 us
1107 2868 1155 2918 feel
1169 2870 1211 2919 the

309 2927 458 2992 &etloum
491 2928 635 2988 maworn
650 2929 729 2978 which
760 2934 863 2986 extrem
878 2925 991 2994 difficulty
1006 2931 1082 2980 ehieh
1098 2946 1134 2981 vie
1146 2932 1212 2984 otton

274 2983 357 3043 misna
370 3010 387 3043 a
401 2992 507 3055 mesting
522 2992 560 3040 for
572 3007 639 3052 some
648 2993 730 3055 publio
759 2994 825 3053 heve,
833 2995 859 3043 in
868 2995 993 3058 mndering
1003 2995 1029 3043 in
1039 2996 1129 3058 precise
1136 3000 1212 3061 terma

274 3057 392 3117 bualeesa
412 3058 440 3107 in
459 3057 537 3106 which
561 3058 603 3106 the
625 3059 730 3120 meeting
759 3058 801 3106 the
821 3059 1012 3122 oompsehensive
1031 3059 1107 3109 forms
1127 3059 1156 3109 ol
1170 3075 1212 3110 ex·

275 3120 458 3170 eumdemed
473 3119 530 3183 bys
544 3120 729 3184 speaker‚eeme
759 3123 863 3185 presslon
878 3123 1049 3172 whiohCieero
1065 3138 1128 3173 uses.
1159 3125 1212 3174 The

274 3183 730 3248 byusetodgidfyespeeotmedeto
759 3185 857 3234 formos
869 3187 956 3249 speech
970 3188 992 3236 is
1006 3194 1023 3234 'e
1037 3188 1212 3250 memphoede·

275 3248 432 3298 suohmeetin
758 3248 823 3298 rived
840 3249 902 3298 suom
918 3249 1040 3312 etteeling
1054 3250 1102 3299 end
1114 3256 1211 3301 xeteeet·

307 3263 506 3373 Aecumfdae]
549 3310 672 3360 Munatius
688 3324 729 3388 ex-
758 3313 807 3374 ing,
829 3311 874 3361 but
898 3313 942 3362 the
966 3320 1036 3362 exsut
1060 3315 1171 3378 meaning
1190 3315 1213 3364 ts

275 3375 353 3438 platus
369 3376 426 3433 this.
445 3374 547 3437 perhaps
560 3375 688 3438 oomeotlya
703 3389 729 3423 m
759 3375 880 3454 doubtful..

275 3452 336 3551 Ἤ
350 3437 729 3578 ,timeum
759 3439 1212 3568 demidiam&

275 3567 377 3616 towards
392 3567 499 3629 showing
508 3566 550 3615 the
560 3581 629 3615 eume
642 3565 669 3614 of
680 3566 730 3614 thu
