2768 4034
190 305 248 365 144
558 305 762 369 semrom

188 459 299 522 bilitari
309 459 444 523 molestia
452 482 514 524 non
522 466 648 543 oportet.
688 462 729 523 Et
739 461 876 544 quoniam
886 481 920 524 aa
927 460 1130 527 molestissime

187 551 266 613 ferre
278 553 410 615 homines
424 554 532 617 debent
545 575 618 635 quae
636 553 766 635 ipsorum
785 554 870 635 eulpa
887 559 1037 615 eontracta
1050 559 1143 631 sunt„

189 650 236 714 est
248 645 386 726 quiddam
397 645 431 707 in
441 647 497 708 lrao
508 666 541 708 re
554 646 627 707 mihi
638 646 789 707 molestius
801 646 956 708 ferendum
965 666 1051 726 quam
1063 646 1130 707 tibi.

190 737 315 798 Paetum
335 741 381 798 est
401 737 480 799 enim
497 759 563 799 mea
582 738 674 819 eulpa,
694 743 797 800 eontra
816 758 904 819 quam
918 742 955 798 tu
971 757 1085 798 meeum
1099 742 1131 798 et

189 828 376 910 proficiscens
389 834 420 890 et
431 849 485 910 per
492 831 606 890 litteras
616 849 729 908 egeras,
744 835 780 890 ut
791 831 889 910 priore
900 830 978 890 anno
990 850 1052 890 non
1066 850 1130 890 suo·

190 921 352 984 cederetur.
392 922 479 1000 Quod
492 943 555 1002 ego,
569 923 639 984 dum
652 923 741 984 saluti
754 922 899 993 sooiorum
911 921 1040 996 consulo,
1059 922 1129 996 dum

191 1012 389 1096 impudentiae
405 1015 612 1076 nonnullorum
624 1014 840 1094 negotiatorum
852 1013 965 1090 resisto,
979 1013 1049 1074 dum
1061 1034 1129 1075 nos·

191 1109 269 1166 tram
280 1105 400 1184 gloriam
409 1106 579 1168 tuavirtute
589 1106 689 1186 augeri
698 1111 811 1187 expeto,
820 1105 878 1167 feei
890 1125 951 1166 non
964 1105 1128 1186 sapienter:

190 1197 360 1278 praesertim
372 1215 463 1276 quum
475 1196 507 1258 id
519 1197 710 1259 oommiseriin
725 1202 762 1259 ut
778 1198 828 1258 ille
843 1197 919 1258 alter
930 1216 1026 1257 annus
1039 1197 1128 1257 etiam

191 1288 313 1350 tertium
337 1294 437 1370 posset
464 1289 615 1352 adducere.
655 1294 683 1351 3.
704 1288 792 1366 Quod
818 1288 954 1369 quoniam
976 1295 1129 1369 peooatum

191 1401 289 1454 meum
301 1400 365 1442 esse
378 1380 526 1456 eonfiteor,
536 1386 582 1442 est
592 1379 751 1462 sapientiae
759 1385 846 1461 atque
855 1379 1047 1441 humanitatis
1057 1386 1128 1458 tuae

191 1494 293 1536 auram
306 1479 338 1535 et
349 1473 488 1558 perdeere
499 1479 536 1535 ut
548 1473 604 1536 hoo
616 1468 713 1535 minus
732 1472 879 1554 sapienter
891 1492 909 1533 a
920 1492 968 1533 me
979 1473 1127 1553 provisum

192 1566 342 1647 diligentia
361 1571 415 1640 tua
435 1566 604 1647 corrigam.
643 1568 690 1629 Ao
708 1566 735 1628 si
753 1571 785 1628 to
801 1567 865 1648 ipse
877 1565 1078 1629 vehementius
1091 1568 1129 1629 ad

189 1673 291 1722 omnes
311 1663 411 1741 partes
432 1659 508 1720 bene
528 1639 674 1731 audiendi*
686 1658 829 1734 excitaris,
843 1679 906 1721 non
922 1663 959 1720 ut
977 1679 1044 1720 oum
1063 1659 1128 1721 aliis

193 1751 246 1813 sed
256 1756 292 1813 ut
302 1756 401 1812 tecum
415 1751 477 1832 jam
495 1749 559 1832 ipse
577 1755 690 1825 oertes;
709 1751 736 1812 si
755 1772 870 1813 omnem
888 1757 970 1812 tuam
989 1756 1127 1827 mentem,

193 1862 301 1920 ouram,
322 1842 534 1921 eogitationem,
555 1843 593 1903 ad
619 1842 806 1903 excellentem
827 1844 861 1903 in
884 1842 1019 1904 omnibus
1039 1842 1128 1904 rebus

192 1934 287 1996 laudis
300 1934 485 2014 cupiditatem
501 1934 641 2009 incitaris,
653 1933 726 1994 mihi
738 1934 831 2009 erede,
845 1954 923 1994 unus
941 1953 1036 1995 annus
1049 1934 1128 1995 addi·

191 2032 243 2088 tus
254 2022 346 2089 labori
357 2030 410 2087 tuo
424 2026 582 2087 multorum
594 2045 739 2103 annorum
750 2025 894 2087 laetitiam
903 2025 997 2100 nobie
1007 2025 1129 2105 gloriam

191 2137 260 2181 raro
273 2117 359 2180 etiam
372 2118 496 2199 posteris
508 2117 618 2179 nestris
631 2118 742 2179 afferet.
782 2121 812 2182 4.
834 2113 1020 2198 Quapropter
1031 2118 1088 2181 hoo
1096 2124 1128 2180 te

191 2209 318 2292 primum
337 2229 408 2289 rogo
426 2229 465 2271 ne
485 2210 639 2272 eontralias
659 2229 693 2271 ao
711 2209 847 2272 demittas
860 2211 997 2285 animum,
1010 2230 1083 2272 nese
1096 2216 1128 2272 te

193 2301 277 2364 obrui
287 2307 434 2383 tamquam
446 2302 540 2363 fluotu
553 2302 595 2364 sio
607 2301 808 2382 magnitudine
819 2301 932 2383 negotii
944 2301 1041 2377 ainas;
1060 2320 1127 2364 oon·

192 2399 295 2476 traque
307 2393 400 2474 erigas
413 2415 447 2456 ao
457 2394 577 2456 resistas
590 2394 651 2456 sive
661 2393 750 2455 etlam
758 2394 837 2456 ultro
848 2415 981 2456 occurras
990 2395 1127 2475 negotiis.

228 2561 408 2626 aarum]
441 2561 473 2610 ln
488 2560 583 2612 Orelli's
596 2560 644 2610 aad
706 2560 773 2610 aaa
788 2561 929 2627 eadimdss·
948 2560 1028 2610 “Ans
1044 2561 1128 2625 uyoa

194 2625 263 2675 other
280 2626 379 2674 editions
394 2640 512 2674 soomma
525 2626 546 2675 is
561 2624 644 2689 plaoed
673 2624 800 2674 wlllroass
809 2625 988 2688 yonrselimore
994 2625 1129 2688 vlgorously

194 2689 643 2753 betweenthesevordsrsndyetedi·
674 2692 700 2737 to
721 2703 779 2737 earu
798 2704 813 2736 s
833 2689 919 2752 good.
957 2689 1041 2738 stein
1058 2704 1129 2752 every

194 2757 245 2810 toas
264 2754 331 2804 write
351 2752 507 2816 ‘postquam'
526 2757 533 2783 ¹
556 2757 644 2802 raetor-
674 2752 768 2814 thing.”
794 2752 885 2802 “Beue
904 2752 957 2800 au'
985 2750 1010 2810 ‚”
1029 2756 1079 2801 “to
1097 2752 1128 2801 bs

211 2816 281 2866 aam'
307 2833 335 2867 as
359 2831 405 2866 ona
428 2817 499 2866 word.
540 2769 644 2882 deomp.
675 2816 728 2864 wall
746 2816 836 2878 spoken
851 2815 901 2875 ο1,”
921 2815 1006 2881 “male
1023 2817 1128 2875 audire‚”

224 2895 285 2938 oero,
307 2881 339 2930 In
359 2881 406 2930 Pis.
425 2896 446 2929 o.
466 2883 497 2940 ὃς
518 2880 570 2930 liv.
588 2895 644 2929 xxx.
677 2878 1128 2936 “minusoommodaaadire,''areRo·

196 2942 247 3022 la.)
279 2944 305 2994 It
319 2954 375 3007 may
388 2948 432 2993 not
445 2943 477 2993 be
490 2958 547 3016 easy
562 2949 588 2993 to
604 2958 644 2993 ex-
677 2958 733 2992 mau
749 2943 902 3006 expressions,
923 2943 971 2992 like
990 2943 1033 2992 the
1050 2944 1128 3007 Greek

193 3138 293 3185 ‘eontra
302 3106 459 3200 qdam'must
507 3137 623 3199 together.
677 3135 725 3185 We
742 3138 828 3184 annos
849 3126 962 3188 mahte
982 3135 1073 3183 ‘ulmo'
1095 3130 1129 3198 by

223 3200 436 3264 Idsosams‘ssrim]
513 3199 648 3250 sstithinks
680 3197 1029 3262 ‘evan'inthupassagafor
1045 3198 1128 3248 Cioero

192 3263 305 3313 thst⁴id'
316 3263 442 3313 shouldbe
454 3263 518 3313 ‘ita'
544 3263 650 3328 Perhaps
679 3277 732 3326 says
743 3262 826 3311 ‘etiam
836 3261 914 3319 ultre‚’
926 3262 969 3311 &a
1000 3262 1129 3311 Ttasense

191 3327 213 3375 it
232 3327 319 3376 should
338 3325 370 3375 be
391 3327 499 3376 omitted.
532 3328 584 3376 ‘To
604 3330 649 3390 put
677 3326 778 3382 maleas,
788 3325 879 3388 though
888 3326 909 3374 it
918 3324 1129 3389 maynotbeeasy

191 3389 648 3453 together’isusedhereandinmany
678 3394 815 3452 toexpresa·
835 3389 1128 3443 Quintusistoldto⁴re

192 3455 260 3503 other
280 3463 345 3504 oases
363 3458 403 3503 ‘to
421 3457 461 3502 aot
478 3454 504 3503 iu
522 3455 581 3503 sach
597 3469 648 3516 way
678 3451 735 3514 alst'
745 3452 821 3501 which
836 3453 928 3517 implios
943 3453 1053 3515 standing
1063 3453 1128 3502 one's

192 3517 281 3568 theta
301 3518 390 3568 oertain
416 3532 578 3580 oousequence
602 3517 647 3567 fol·
677 3516 781 3578 gronndr
806 3515 852 3565 but
872 3516 958 3567 'claro
978 3515 1045 3575 adds,
1067 3517 1129 3565 ‘and

193 3578 267 3631 lova!
678 3595 736 3629 even
753 3594 783 3643 go
798 3582 825 3628 te
839 3585 903 3631 meet
915 3578 1007 3629 trouble
1015 3577 1031 3640 ς’
1051 3580 1129 3630 whom
