2768 4034
447 305 750 368 ‘arusuomum
768 305 889 367 LIBRI
906 305 1009 373 Duo,
1136 308 1196 368 221

254 463 350 548 possit
362 463 516 539 accedere3
535 463 614 545 quod
634 462 820 543 sperabamus
840 451 904 524 fieri
920 483 1015 544 posse.
1054 463 1197 526 Delectus

255 558 335 619 enim
346 577 468 637 magnos
481 556 675 629 habebamus;
687 554 919 635 putabamusque
932 546 1015 616 illurn
1027 559 1158 618 metuere
1171 555 1197 617 si

255 649 295 710 ad
307 648 421 710 Urbem
432 647 477 710 ire
490 647 633 729 coepisset
646 666 685 708 ue
700 645 811 708 Gallias
828 647 993 708 amitteret:
1013 666 1085 727 quas
1097 647 1197 709 ambas

255 741 346 802 babet
364 740 586 814 inimicissimas,
601 743 718 819 praeter
731 738 968 819 Transpadanos:
989 758 1026 799 or
1038 737 1197 818 Hispania·

255 853 314 912 que
337 852 389 894 sex
410 832 540 911 legiones
561 835 593 905 et
615 850 721 909 magna
743 829 857 905 auxilia,
878 829 1001 890 Afranio
1024 832 1056 891 et
1079 829 1196 891 Petreio

256 924 389 998 ducibus,
402 922 492 984 babet
512 943 530 984 a
548 925 642 1000 tergo.
681 921 848 1003 Videbitur,
861 921 888 982 si
898 920 1034 998 insaniet,
1046 940 1133 1001 posse
1145 941 1196 1002 op·

255 1014 359 1096 primi;
382 1013 468 1076 modo
491 1019 528 1075 ut
545 1013 630 1074 Urbe
653 1013 739 1076 selva
778 1013 938 1074 Maximam
961 1017 1060 1075 autem
1082 1012 1197 1094 plagam

256 1107 377 1186 accepit,
386 1105 499 1187 quodie
509 1104 560 1185 qui
569 1125 712 1166 summam
724 1104 1058 1167 auctoritateminillius
1068 1105 1198 1167 meroitu

255 1196 391 1272 habebat,
404 1197 438 1258 u.
452 1195 608 1270 labienus,
623 1195 720 1263 socius
733 1195 849 1261 sceleris
870 1209 933 1263 osae
946 1195 1061 1270 noluit;
1079 1195 1198 1276 reliquit

255 1288 339 1350 illum
352 1293 383 1349 et
395 1287 547 1349 nobiscum
560 1292 625 1348 ost:
644 1286 789 1368 multique
805 1286 884 1347 idem
898 1285 1008 1348 facturi
1019 1306 1084 1348 esse
1097 1286 1198 1348 dicun·

255 1383 315 1441 tur.
348 1379 413 1458 Ego
426 1379 521 1440 adbuc
533 1398 601 1457 orae
613 1376 776 1439 maritimae
785 1397 921 1458 praesum
930 1398 949 1439 a
958 1377 1092 1440 Formiis.
1121 1379 1155 1439 N
1153 1377 1197 1438 ul·

254 1471 317 1532 lum
329 1471 423 1553 majus
436 1470 588 1550 negotium
605 1469 752 1551 suscipere
765 1468 851 1544 volui,
866 1489 924 1550 quo
937 1469 1004 1550 plus
1024 1470 1102 1551 apud
1114 1469 1197 1531 illum

254 1583 335 1625 meae
361 1563 465 1624 literae
486 1562 758 1642 cohortationesque
781 1562 820 1623 ad
841 1581 943 1644 pacem
964 1561 1103 1624 valerent.
1143 1562 1198 1624 sin

174 1667 177 1673 ’
254 1661 353 1716 autem
373 1655 430 1717 erit
447 1655 565 1729 bellum,
577 1653 662 1716 rideo
681 1673 729 1714 me
747 1653 850 1714 castris
871 1658 903 1714 et
924 1653 1013 1714 certis
1032 1653 1197 1733 legionibus

253 1746 466 1827 praefuturum.
506 1745 612 1808 Habeo
634 1744 724 1807 etiam
743 1745 822 1806 illam
841 1745 1004 1807 molestiam
1017 1744 1095 1826 quod
1107 1745 1197 1808 Dola·

254 1837 331 1900 bella
354 1844 458 1900 noster
478 1838 557 1919 apud
581 1837 735 1899 (laesarum
758 1842 813 1898 est.
853 1837 938 1898 Haec
961 1837 1018 1898 tibi
1039 1842 1113 1900 nota
1132 1858 1198 1900 esse

255 1929 352 1991 volui:
372 1949 447 2009 quae
467 1949 536 1990 cave
552 1948 591 1989 ne
610 1932 642 1988 te
661 1927 837 2009 perturbent
857 1933 889 1988 et
910 1928 1072 2009 impediant
1086 1929 1197 1992 valetu-

257 2021 355 2082 dinem
366 2026 459 2082 tuam.
497 2020 562 2100 ugo
572 2021 611 2080 A.
619 2019 755 2095 Varroni,
766 2039 852 2100 quem
863 2040 954 2100 quum
966 2020 1198 2083 amantissimum

256 2112 316 2174 mei
328 2111 450 2192 cognovi
461 2117 528 2172 tum
540 2111 629 2172 miani
639 2111 722 2172 valde
734 2110 782 2171 tui
794 2111 966 2187 studiosum,
977 2111 1198 2192 diligentissime

256 2210 289 2266 te
308 2203 514 2280 commendavi,
527 2209 563 2264 ut
583 2208 615 2264 et
632 2201 806 2264 valetudinis
826 2207 896 2264 tuae
914 2203 1059 2265 rationem
1076 2204 1198 2267 heberet

257 2301 289 2357 et
301 2293 503 2374 navigationis,
517 2298 548 2356 et
560 2299 658 2356 totum
671 2300 703 2356 te
715 2293 877 2375 susciperet
894 2315 928 2357 ac
940 2300 1091 2358 tueretur:
1112 2277 1202 2377 quem

257 2387 356 2448 omnia
367 2386 515 2448 facturum
529 2385 660 2460 confid03
678 2386 790 2467 recepit
803 2386 882 2447 enim
901 2392 933 2448 et
951 2407 1065 2448 mecum
1081 2387 1198 2450 locutus

258 2484 306 2540 est
319 2477 496 2540 suavissime.
536 2479 583 2540 Tu
592 2477 729 2558 quoniam
742 2498 777 2540 eo
790 2484 921 2558 tempore
933 2499 1046 2540 mecum
1060 2498 1124 2542 osse
1136 2499 1199 2542 non

290 2621 456 2675 Habebam·
464 2619 623 2696 putabamus]
642 2619 712 2696 lipia·
743 2619 798 2670 best
807 2620 879 2682 legati
888 2619 916 2668 iu
926 2619 1010 2678 Gallis,
1020 2619 1074 2669 who
1088 2634 1143 2669 now
1153 2619 1198 2670 lest

257 2680 710 2811 usuum]
742 2682 1198 2810 Qec

257 2889 667 3004 fiomtlbg,(sss11,fflzffiw1,)
686 2889 713 2923 a
743 2887 819 2987 ἔξω
838 2907 897 2986 with
917 2941 1047 2986 mutent.
1082 2937 1123 2987 Hs
1143 2944 1198 2988 sont

289 3004 365 3054 Modo
380 3007 408 3052 ut
428 3002 503 3064 Urbs]
537 3001 592 3051 One
609 3000 713 3050 husel-
743 2951 1198 3077 tboman'smoneyautfbaggsssssster

259 3065 592 3209 fflssffiibbbie'tbbt
601 3065 713 3178 miii
743 3064 849 3191 hffpad
857 3128 939 3206 ι’ζὶαω]
960 3127 1001 3178 Ηο
1010 3143 1093 3178 mesos
1104 3127 1198 3189 Cassam

259 3192 712 3318 olusculorum
742 3191 1199 3319 masos

259 3320 478 3398 iimymsmpd.
510 3311 713 3369 Thermb‘flst’
774 3317 971 3408 Rsopps'teps'm]
1007 3320 1079 3368 “For
1095 3319 1128 3368 lra
1167 3385 1173 3398 .

260 3383 483 3449 maybosuppbed.
516 3383 590 3432 “lo
651 3381 716 3445 bopo
745 3382 828 3432 misd.
886 3381 970 3433 Grcsro
990 3382 1040 3432 uso
1059 3383 1132 3433 saled

260 3450 281 3499 lt
301 3449 404 3537 maynbs
421 3448 483 3497 dono
503 3383 647 3496 beforsnlbe
668 3447 716 3509 city
746 3449 787 3495 ‘ut
807 3444 961 3509 msoipersts'
981 3447 1030 3496 aad
1051 3447 1201 3522 ‘recepit’is

261 3513 474 3640 ml’efslbatissasd
503 3573 596 3625 Ousol
609 3571 715 3624 &esm's
739 3509 1160 3637 'fflictwffibbpbbwg
1175 3509 1204 3560 d
