2768 4034
193 295 234 353 94
568 287 757 349 MELIUS.

192 445 361 510 lescentiam
380 444 593 525 perduxissent,
608 443 704 505 dirimi
721 448 822 509 temen
838 443 988 512 interdum
1009 448 1118 518 conten

192 538 273 601 tione
284 537 332 600 vel
349 536 468 599 moriae
488 535 671 610 conditionis,
683 535 730 597 vel
750 535 892 603 commodi
911 534 1034 616 alicujus
1050 535 1129 615 quod

192 630 271 691 idem
281 627 402 709 adipisci
412 632 538 708 uterque
549 647 611 689 nou
621 631 729 706 posset.
767 626 854 704 Quod
866 627 892 692 si
905 626 956 707 qui
967 626 1084 705 longius
1096 627 1130 689 in

194 719 320 782 amicitie
340 718 472 799 provecti
498 723 605 794 essent,
626 722 726 778 temen
751 737 839 798 saepe
858 717 1026 802 labefactari
1048 718 1130 781 siin

194 811 311 874 honoris
333 809 553 872 contentionem
571 808 760 873 incidissentz
785 813 899 889 postem
918 808 997 890 enim
1017 809 1130 875 nullam
1201 889 1203 892 Ι

194 903 332 984 majorem
353 921 418 963 esse
440 901 474 962 in
499 899 633 962 emiudis
655 919 742 979 quem
762 899 796 962 in
820 901 964 981 plerisque
988 901 1129 981 pecuniae

194 993 392 1075 cupiditatem,
411 1013 444 1052 ιιι
467 991 586 1073 optimis
606 990 768 1072 quibusque
788 991 906 1054 honoris
928 996 1076 1053 certamen
1097 997 1130 1053 et

195 1085 319 1165 gloriae3
338 1104 374 1145 ex
390 1103 448 1165 quo
467 1083 634 1144 inimicitias
654 1083 792 1149 maximas
815 1103 900 1163 saepe
918 1081 997 1144 inter
1016 1083 1129 1152 amicis·

195 1175 283 1238 simos
295 1174 452 1236 exstitisse.
492 1177 541 1235 35.
560 1174 674 1252 Magna
685 1173 774 1234 etiem
787 1173 905 1241 discidio
917 1178 948 1234 et
959 1175 1129 1256 plerumque

193 1267 275 1348 juste
285 1264 375 1340 nasci
385 1285 476 1345 quum
489 1265 599 1344 eliquid
611 1265 648 1340 ab
660 1263 760 1326 amicis
769 1265 847 1345 quod
857 1269 970 1326 rectum
977 1285 1040 1326 non
1051 1273 1130 1328 esset

195 1357 400 1438 postularetur,
412 1361 449 1417 ut
462 1359 515 1417 eut
526 1354 655 1418 libidinis
667 1354 794 1420 ministri
805 1361 859 1424 ,eut
870 1355 1018 1436 sdjutcres
1031 1365 1131 1429 essent

196 1447 234 1509 ed
254 1446 400 1530 injuriam.
442 1447 530 1524 Quod
551 1447 603 1529 qui
622 1452 799 1524 recusarent,
812 1447 941 1529 quemvis
959 1448 1082 1511 honeste
1099 1450 1131 1512 id

196 1539 333 1615 facerent,
343 1539 394 1620 jus
406 1544 508 1602 temen
526 1538 671 1601 amicitiae
690 1538 823 1600 deserere
842 1542 1034 1620 arguerentur
1045 1541 1131 1614 abiis

196 1632 300 1714 quibus
313 1631 435 1713 obsequi
446 1632 577 1707 nolleut3
596 1631 662 1692 illos
680 1635 787 1706 eutem,
801 1631 851 1712 qui
863 1631 975 1713 quidvis
990 1633 1027 1694 ab
1040 1633 1131 1696 emico

196 1724 338 1786 auderent
358 1724 516 1805 postulare,
529 1722 727 1803 postulatione¹
744 1722 809 1803 ipse
831 1722 961 1804 profiteri
984 1724 1080 1795 omnis
1099 1745 1132 1788 se

198 1815 282 1880 amici
293 1834 382 1877 censa
393 1835 458 1876 esse
474 1815 621 1877 ducturos:
642 1834 742 1881 eorum
755 1815 873 1895 querele
884 1815 1059 1886 inveteratas
1071 1837 1133 1884 non

197 1907 282 1968 modo
293 1906 506 1970 familiaritates
527 1905 675 1986 exstingui
694 1906 795 1982 solere,
809 1906 962 1968 sedetiam
974 1907 1132 1988 odiagigni

198 1997 383 2078 sempiterna.
422 1997 508 2059 Haec
527 1997 571 2059 ite
590 1997 684 2059 multe
696 1997 779 2078 qnasi
796 1996 858 2059 fata
877 1997 1043 2078 impendere
1062 1999 1132 2061 ami·

198 2087 275 2151 citiis
296 2093 334 2151 ut
356 2088 454 2152 omnia
479 2088 683 2168 subterfugere
704 2109 766 2150 non
790 2088 877 2152 modo
900 2089 1059 2170 sapientiae
1081 2092 1133 2162 sed

199 2181 286 2242 etiem
296 2180 445 2243 felicitatis
459 2181 568 2244 diceret
581 2181 638 2244 eibi
648 2180 748 2243 wideri.

236 2270 296 2338 ιι.
315 2276 364 2338 ec.
385 2273 580 2353 Quamobrem
601 2273 634 2334 ιι
656 2272 782 2354 penum
802 2272 958 2348 commu,
980 2272 1007 2334 si
1027 2253 1131 2355 piacet,

200 2372 343 2450 quatenus
364 2366 502 2429 amorim
527 2365 654 2428 amicitia
678 2365 815 2446 progredi
839 2364 952 2427 debeat.
991 2366 1134 2443 Num,si

203 2529 649 2595 omits‘tcm’thoughthebesthdds.
680 2529 792 2590 Terence,
811 2530 906 2587 Phorm.
923 2529 955 2579 iv.
974 2531 997 2591 1,
1015 2528 1051 2592 3).
1083 2531 1133 2586 But

203 2595 299 2645 hareb
330 2595 355 2644 It
368 2596 390 2644 is
403 2599 456 2644 mue
471 2594 651 2658 thet⁴toge'is
680 2595 748 2643 there
763 2594 842 2643 would
858 2593 890 2643 be
905 2608 938 2642 no
953 2595 1064 2656 meaning
1076 2595 1133 2644 herc

204 2659 270 2708 osten
284 2657 381 2708 omitted
390 2659 459 2709 when
473 2656 620 2723 ‘praetexte'
630 2659 652 2707 is
681 2658 762 2716 unless
771 2658 813 2706 the
823 2661 830 2687 ⁶
839 2656 958 2717 ccudidc,'
974 2658 1048 2706 about
1056 2659 1134 2707 which

205 2723 272 2772 aad.
540 2771 543 2777 ,
682 2721 725 2770 the
742 2725 904 2780 contestatus,
920 2735 982 2769 were
1002 2721 1133 2784 explained.

240 2785 356 2851 Πιονίαι]
388 2784 429 2835 All
442 2785 486 2834 tus
501 2784 575 2835 MSS.
589 2798 653 2835 seem
683 2785 735 2834 'l'be
749 2788 836 2832 matter
849 2784 870 2832 is
885 2799 901 2832 a
915 2791 1007 2832 women
1021 2784 1059 2833 for
1072 2785 1133 2845 wife,

205 2853 232 2899 to
241 2849 302 2898 here
309 2844 441 2909 ‘luxuriae'
451 2849 527 2898 which
531 2848 654 2915 limatius
684 2847 732 2896 and
745 2848 789 2896 tha
802 2847 895 2912 disputo
909 2847 930 2896 is
940 2847 993 2895 who
1006 2848 1066 2906 shall
1075 2848 1134 2898 heve

205 2911 653 2975 hlutoexplsiuabutitisauoh·
684 2912 735 2962 har.

205 2977 355 3035 ιιοιιιοιιοι,
365 2975 413 3024 end
428 2975 473 3025 hes
488 2974 615 3038 cripimted
629 2975 656 3024 in
717 2975 825 3040 Honoris
835 2975 1016 3039 consentionem]
1030 2973 1133 3024 ‘Honor’

204 3040 248 3089 the
268 3040 307 3090 ‘l'
327 3039 357 3088 oi
374 3040 416 3088 the
435 3040 560 3104 preceding
583 3038 655 3088 word.
686 3032 730 3088 hes
749 3039 782 3088 its
799 3038 893 3088 Romen
909 3052 984 3088 senso.
1017 3039 1135 3088 ‘Honoris

204 3103 330 3154 'l'crnebus
340 3104 459 3152 corrected
467 3104 509 3152 the
518 3117 589 3153 error.
604 3103 657 3152 'Ibo
686 3101 821 3152 contentic'
832 3117 912 3152 means
926 3103 1012 3165 rirelry
1020 3101 1047 3150 in
1060 3103 1135 3157 embi-
1177 3158 1184 3168 Ι

205 3168 350 3217 “conteutio
360 3167 455 3216 uxoriae
464 3167 603 3221 conditionis
609 3165 657 3215 ”is
686 3167 745 3226 tion,
762 3166 789 3215 in
807 3166 901 3228 secking
915 3165 957 3214 the
967 3165 1093 3217 ‘honores'
1111 3166 1138 3216 ol

204 3231 246 3280 the
255 3232 342 3293 rivelry
351 3230 378 3279 in
387 3246 403 3280 e
412 3230 569 3280 mehimcniel
583 3229 656 3279 affair.
686 3231 729 3279 the
744 3233 812 3294 stete.
844 3229 924 3280 Cicero
939 3230 988 3281 elso
1003 3245 1064 3292 seps,
1076 3230 1135 3278 ‘hc-

205 3292 345 3344 ‘Conditio'
362 3294 429 3343 itsell
442 3310 498 3358 may
513 3294 544 3343 be
557 3294 617 3342 used
630 3298 657 3343 to
687 3308 772 3343 norum
781 3291 912 3342 contentic’
924 3290 973 3356 (De
983 3292 1031 3357 Oli.
1041 3294 1059 3342 i.
1070 3291 1122 3359 25).

204 3357 607 3422 signiiysmsrrlageeffair,whare
615 3357 658 3405 the
718 3355 863 3419 Felicitatis]
898 3355 1028 3416 ‘Felicitas’
1044 3356 1137 3422 isgood

204 3425 301 3470 conuxt
317 3421 399 3470 makes
413 3422 435 3470 it
450 3421 585 3470 claerwhet
599 3420 658 3470 kind
688 3420 788 3481 iortpna.
820 3418 1137 3469 dullacelledhimself‘lle·

204 3481 657 3546 oie‘ccnditio'or‘termsoiegise·
687 3478 963 3546 Q'thclorwnetsbt
1031 3484 1062 3542 c).

205 3547 282 3598 mant'
298 3562 339 3599 are
355 3547 470 3598 intended
486 3545 550 3613 (liv.
561 3548 657 3608 tissa
719 3544 880 3611 thmt]
892 3543 995 3611 mysac
1048 3544 1137 3601 ‘Num-
