2768 4034
222 311 283 370 leo
461 305 508 369 Μ.
528 307 677 370 uuum
697 307 923 370 mommolus

470 517 519 576 19.
540 479 693 600 oroneo
714 503 864 577 sunno
885 514 914 575 s.

490 632 577 709 (1111.
590 633 639 692 20.
678 650 710 692 s.
723 649 754 692 u.
769 649 796 692 o.
809 630 893 708 708.)

221 747 386 828 Asclapone
396 745 533 808 Patrensi
541 745 654 808 modioo
663 751 733 808 utor
741 733 930 826 familiariter,
939 745 1060 826 ejmque
1069 765 1159 825 quum

220 837 403 908 eonsuetudo
420 837 494 898 mihi
504 836 636 917 juounda
654 836 722 915 fuit,
741 842 807 898 tum
824 857 871 899 ara
884 837 980 910 etiam,
994 857 1081 917 quam
1093 857 1160 897 sum

221 934 360 1011 expertus
371 928 406 989 in
417 927 585 991 valetudine
601 949 742 990 meorum.
781 928 823 989 In
839 948 896 1011 qua
908 927 981 989 mihi
993 926 1084 1009 ¹quum
1094 927 1160 1008 ipsa

221 1021 351 1097 seientia,
373 1025 439 1081 tum
461 1020 550 1082 etism
571 1018 713 1082 fidelitate
731 1020 989 1100 benevolentiaque
1008 1019 1157 1081 satisfecit.

224 1112 313 1173 Eune
329 1110 423 1191 igitur
439 1110 496 1171 tibi
513 1111 690 1188 commendo,
712 1115 744 1172 et
762 1131 781 1172 a
797 1115 830 1172 te
847 1116 918 1192 peto
930 1116 965 1172 ut
979 1112 1030 1172 des
1042 1131 1159 1192 operam

219 1208 256 1264 ut
275 1201 423 1281 intelligat
447 1201 602 1281 diligenter
621 1220 670 1262 me
691 1196 841 1282 seipsisse
861 1201 897 1263 de
916 1221 989 1277 sese,
1008 1221 1158 1282 meamque

220 1292 499 1357 commendationem
518 1292 587 1354 usui
606 1312 714 1372 magno
735 1293 792 1354 sibi
808 1292 907 1355 fuisse.
946 1293 1013 1354 Ilrit
1034 1293 1067 1354 id
1086 1293 1159 1354 mihi

220 1385 407 1446 vehementer
419 1389 544 1465 gratum

465 1543 514 1601 20.
536 1537 690 1600 emulso
711 1538 864 1602 SERVIO
884 1540 913 1602 Β.

487 1659 573 1734 (xm.
587 1657 637 1716 25.
676 1673 707 1716 s.
721 1673 754 1716 u.
767 1673 795 1718 o.
809 1655 893 1734 tos.)

220 1772 422 1852 Hegesaratus
435 1771 607 1834 Larissaeus
619 1771 733 1850 magnis
746 1770 820 1832 meis
831 1770 980 1833 beneflciis
994 1775 1117 1833 ornatus
1125 1770 1159 1832 in

220 1863 375 1926 eonsulatu
385 1882 450 1924 meo
462 1867 614 1924 memoret
623 1868 725 1943 ςααίναε
735 1861 802 1938 fide,
811 1881 915 1944 meque
924 1867 1028 1945 postea
1037 1862 1158 1942 diligen·

219 1955 332 2017 tissime
345 1954 443 2017 eoluit.
482 1955 561 2015 Eum
579 1954 635 2015 tibi
654 1974 761 2035 magno
781 1975 867 2035 opere
887 1954 1056 2016 eommendo
1072 1960 1109 2016 ut
1126 1960 1158 2016 et

218 2046 364 2128 hospitem
375 2066 473 2107 meum
483 2050 515 2107 et
523 2045 693 2110 familiarem
702 2050 734 2108 et
741 2051 858 2126 gratum
866 2045 1013 2107 hominem
1022 2050 1054 2107 et
1062 2045 1158 2109 virum

218 2137 329 2200 bonum
350 2141 381 2198 et
400 2136 562 2218 prinoipem
582 2135 708 2198 civitatis
732 2156 801 2199 suae
820 2143 852 2198 et
870 2141 924 2198 tua
941 2137 1158 2200 necessitudine

220 2227 431 2308 dignissimum.
471 2228 646 2308 Pergratum
665 2228 738 2289 mihi
749 2228 862 2304 leceris,
875 2228 902 2289 si
915 2227 1027 2291 dederis
1041 2249 1158 2311 operam

219 2319 447 2398 utisintelligat
455 2311 533 2381 hano
540 2339 635 2381 meam
645 2320 923 2382 oommendationem
931 2321 1158 2403 magnumapud

220 2416 251 2472 te
262 2410 377 2493 pondus
389 2410 534 2472 habuisse.

449 2568 497 2625 21.
520 2521 674 2626 monne
694 2565 879 2626 rmrmno
899 2567 929 2626 a.

498 2680 584 2758 (mr.
598 2684 627 2741 3.
667 2680 880 2759 suom.)

222 2796 261 2859 L
287 2795 406 2858 Mum
423 2815 522 2887 'unum
552 2815 588 2856 ex
619 2795 692 2856 meis
725 2794 847 2871 intimis,
873 2795 1160 2861 observantissrmum

222 2886 523 2966 studiosissimumque
541 2885 644 2959 nostri,
664 2883 812 2946 eruditum
828 2886 976 2948 hominem
994 2894 1025 2949 et
1047 2910 1159 2952 summa

221 2978 414 3054 humanitate,
425 2982 534 3058 tuaque
543 2974 670 3037 amioitia
682 2975 892 3056 dignmsimum,
901 2977 1005 3040 velum
995 2985 1039 3041 1ta
1050 2985 1158 3043 tractes

254 3119 677 3178 19.Alattoraddressedtofla¹·vlus
708 3120 745 3171 ola
744 3122 1159 3186 povasthephysioiauotliro'at

221 3184 677 3248 s11dm,0a00ru0moeaiuuuuious
708 3135 973 3249 Parsqsdmmvt.
984 3185 1019 3251 9).

220 3253 249 3304 oi
308 3249 581 3312 nomm-jurata
549 3250 676 3306 armet-ator
739 3247 1090 3300 llwdlettettocldemmius
1091 3252 1158 3308 ‚who

220 3317 453 3368 meamea
487 3309 678 3361 Hewssmade
708 3310 1048 3389 matthistimalivingin
1062 3286 1158 3365 axileat

220 3373 677 3502 mamesdohalabyfflulius
707 3372 779 3436 mym
735 3373 830 3436 yhlena.
856 3373 954 3423 ⁷l'hisis
971 3376 1013 3425 the
1028 3377 1159 3429 Memmius

335 3439 416 3490 andd
501 3436 828 3487 hlsreddsuoetowhom
846 3435 1159 3492 Lueretiusdadioatedhis

220 3439 677 3558 usolaaciouosonammuu
706 3512 802 3562 poem.

220 3562 590 3622 lettarotreoommaudation.
629 3562 676 3614 Aa·
