2768 4034
222 312 282 373 224
456 307 502 370 M.
522 308 670 370 runnu
690 309 915 372 CICERONIS

220 466 416 549 philosophiae
434 465 642 528 humanissime
666 465 817 528 nobiscum
833 467 957 549 jocatur.
999 466 1098 544 Quare
1119 465 1157 528 da

219 577 337 639 operam
355 563 393 619 ut
410 557 491 620 hunc
507 558 606 633 telem,
624 563 686 618 tam
702 558 873 640 jucundum,
885 564 948 620 tem
968 558 1157 621 excellentem

219 649 314 710 virum
325 648 423 710 videns
443 668 530 729 quem
549 649 685 730 primum.
724 649 804 712 Nem
822 650 893 731 quid
912 670 966 729 ego
986 650 1024 718 de
1035 648 1157 712 Bruttio

220 739 336 802 dicam?
354 760 442 821 quem
452 740 535 806 nullo
546 745 679 821 tempore
692 762 710 803 a
722 762 769 803 me
782 742 879 822 patior
892 741 1054 803 discedere:
1073 739 1158 821 cujus
1231 731 1233 738 ’

220 853 311 915 quum
329 831 409 912 fingi
428 852 583 912 severaque
604 837 650 893 est
668 832 738 907 vite,
757 837 822 893 tum
842 832 931 894 etiam
946 831 1159 914 jucundissima

220 925 371 988 convictio.
411 924 485 986 Non
504 930 550 986 est
569 924 648 986 enim
667 925 818 1006 sejunctus
827 925 914 1005 jocus
931 924 1113 1004 εφιλολογίφ
1126 929 1159 985 et

221 1015 389 1098 quotidiana
406 1019 562 1088 συζητήσει.
601 1015 684 1077 Huic
703 1036 758 1096 ego
776 1017 873 1077 locum
891 1016 924 1076 in
942 1015 1072 1096 proximo
1088 1026 1159 1076 ‘con-

221 1107 299 1184 duxi,
313 1112 344 1168 et
356 1113 392 1168 ut
403 1126 523 1186 possum
536 1126 572 1167 ex
584 1107 656 1167 meis
669 1107 813 1186 angmtiis
825 1107 904 1167 illius
917 1110 1052 1167 sustento
1061 1105 1158 1166 tenui·

221 1203 321 1260 tatem.
362 1198 517 1259 Praeterea
537 1196 721 1258 declamitare
738 1197 851 1259 Graece
869 1197 948 1278 apud
962 1197 1097 1259 Cassium
1114 1196 1159 1256 in-

222 1289 323 1352 ctiori:
344 1288 452 1350 Iatine
463 1293 563 1349 autem
575 1288 653 1369 apud
665 1288 818 1349 Bruttium
831 1288 958 1350 exemeri
968 1288 1043 1350 volo.
1078 1286 1160 1348 Utoi

222 1380 411 1443 fmffinnbuc
444 1385 476 1441 et
502 1379 678 1461 quotidianis
710 1379 930 1456 convictoribus,
956 1399 1030 1461 quos
1061 1399 1161 1440 secum

223 1472 379 1553 Mitylenis
396 1472 554 1552 Cratippus
573 1471 702 1546 adduxit,
714 1469 880 1534 hominibus
900 1476 932 1533 ct
951 1471 1045 1533 doctis
1066 1476 1098 1532 et
1117 1469 1163 1531 illi

225 1563 445 1647 probatissimis.
483 1564 617 1625 Multum
634 1563 712 1624 enim
724 1583 836 1624 mecum
854 1568 900 1624 eat
910 1561 1070 1644 Epicrates,
1083 1562 1163 1644 prin·

226 1677 295 1738 ceps
307 1655 541 1730 Atheniensium,
554 1661 586 1717 et
602 1655 756 1731 Leonides,
770 1659 801 1716 et
816 1655 922 1717 horum
939 1654 1030 1716 ceteri
1045 1653 1163 1716 similes.

226 1750 270 1810 Τὰ
284 1749 337 1828 μὲν
349 1747 399 1810 οὖν
412 1752 471 1810 east
484 1752 558 1827 ἡμᾶς
571 1747 645 1808 τάδε.

266 1841 315 1901 De
329 1838 440 1918 Gorgia
452 1844 551 1901 autem
564 1839 642 1919 quod
654 1836 727 1898 mihi
738 1837 848 1913 scribis,
862 1841 926 1898 eret
938 1835 1055 1918 quidem
1069 1836 1120 1897 ille
1131 1835 1166 1898 in

226 1930 396 2012 quotidiana
408 1928 616 1991 declamatione
627 1928 726 1990 utilis:
744 1927 796 1990 sed
808 1929 906 1990 omnia
916 1928 1069 2010 postposui
1082 1928 1164 1990 dum·

225 2022 311 2088 modo
330 2019 492 2102 praeceptis
504 2019 597 2102 petris
609 2039 749 2101 parerem.
789 2020 947 2099 Διαῤ·ήδην
962 2019 1041 2081 enim
1060 2019 1165 2101 scrips-

226 2118 290 2174 erat
306 2117 342 2173 ut
363 2132 431 2174 eum
453 2110 632 2173 dimitterem
654 2111 764 2171 statim.
803 2109 998 2190 Tergiversari
1015 2110 1106 2187 nolui,
1125 2129 1166 2172 ne

224 2224 291 2266 mea
314 2203 405 2265 nimia
431 2204 533 2276 σπουδή
560 2202 753 2284 suspicionem
779 2202 808 2264 ei
833 2203 958 2283 aliquem
982 2203 1165 2284 importaret.

227 2363 313 2428 sopher
322 2378 354 2412 no
363 2361 439 2412 doubt
448 2362 522 2414 found
536 2361 599 2425 good
610 2361 681 2411 cheer
711 2361 764 2410 who
774 2361 915 2425 hssspoiled
921 2362 1031 2426 menyof
1037 2362 1075 2413 his
1084 2362 1167 2414 letters

227 2425 681 2553 tmwm‘lffltttll
712 2425 1167 2553 ”tit‘btlfiffiw

228 2555 288 2618 iolly
298 2555 446 2618 compnnlon.
712 2552 803 2602 thtthc
811 2553 893 2602 thinks
902 2568 918 2603 a
928 2553 1006 2604 Greek
1016 2554 1095 2604 would
1107 2555 1168 2605 hare

261 2619 408 2684 quuid]
441 2616 681 2677 SeeDeAm.c.k7,
713 2616 868 2666 seidradrac
884 2617 1169 2677 mdwmvouluirhe

229 2686 295 2733 note.
713 2680 761 2728 lud
780 2680 874 2729 written
894 2680 1056 2745 conformebly
1074 2686 1101 2731 to
1126 2683 1169 2732 the

263 2746 377 2797 Bruttiae
438 2744 546 2807 Nothing
570 2758 637 2793 more
662 2743 683 2792 is
713 2743 1131 2804 nsagccithebeetflreekvriters.

230 2808 354 2860 monos
412 2841 419 2858 .
451 2808 549 2857 nevas
563 2823 579 2856 a
591 2807 685 2857 umber
748 2804 905 2872 Διαρρίιδην]
931 2808 1107 2872 ι*1)ἰοίὶιιο11γ,”
1118 2810 1171 2859 “in

231 2874 260 2924 of
273 2873 384 2938 rhetoric,
399 2872 479 2920 which
492 2873 514 2920 is
525 2871 590 2920 what
603 2870 685 2920 Cicero
715 2870 815 2934 positive
829 2870 929 2921 terms.”
961 2871 1021 2920 uss
1033 2873 1139 2936 Gorgias,
1155 2888 1171 2923 a

231 2951 309 2988 seems
329 2940 356 2986 to
376 2935 460 2985 intend
480 2934 513 2998 by
529 2932 685 2999 ‘philologia’
716 2933 865 2995 rhetoricum
883 2935 905 2985 is
922 2935 1022 2984 comoed
1039 2937 1067 2986 oi
1083 2937 1172 3000 λεὼς

230 3001 284 3052 use
304 3015 387 3050 nemea
402 3000 512 3049 Bruttius
528 2999 575 3048 and
593 2998 687 3048 casem
717 2998 757 3047 led
772 2998 815 3047 the
828 3014 910 3062 young
924 2999 1031 3048 studente
1043 3003 1069 3048 at
1079 3001 1172 3051 amm

231 3065 305 3124 show,
331 3079 358 3113 ss
386 3065 404 3114 S
437 3064 469 3114 fle
493 3061 607 3121 remarks,
636 3063 688 3112 thet
717 3062 922 3123 lntobadhsbits,
937 3064 1172 3115 whichwasasnffi-

229 3129 299 3179 there
321 3142 384 3178 vere
531 3127 637 3176 machere
662 3130 689 3174 et
719 3125 1172 3180 eentmmnforueorderofctm

230 3193 333 3243 Athens.
365 3192 419 3240 'I'he
433 3207 516 3254 young
531 3189 689 3239 man'sintsr·
718 3194 746 3239 to
766 3189 804 3239 hia
825 3206 877 3240 son.
921 3190 1051 3257 (Plutarch,
1073 3193 1127 3243 Life
1147 3193 1176 3244 oi

230 3256 324 3319 larding
344 3256 382 3304 his
398 3255 471 3304 letter
489 3255 548 3304 wlsst
567 3268 646 3316 sci-aps
665 3252 693 3302 oi
720 3252 894 3312 cicero,cac

233 3320 312 3371 Greek
328 3319 350 3367 is
367 3333 401 3368 no
412 3333 480 3368 more
500 3318 560 3368 than
575 3332 592 3367 a
611 3332 690 3381 young
752 3315 902 3430 “midos
922 3332 986 3381 oung
1004 3318 1086 3369 cicero
1103 3321 1175 3370 made

233 3383 390 3446 Englishman
400 3381 689 3445 mightdowishrrench,
720 3379 833 3443 nodelsy,
902 3382 1056 3445 tdismieaing
1067 3384 1175 3446 Gorgias,

234 3445 692 3559 tntuffimtlffli
720 3444 1176 3572 ffinmpptpekppffi

235 3524 691 3636 ammiane'llxnpafma,
723 3570 1047 3636 macomaumpecem
1064 3544 1178 3640 „amo
