2768 4034
456 306 516 367 An
537 304 742 383 cuminum
761 304 971 366 rnrmmu
1123 307 1182 368 1⁷1

244 462 360 525 difficile
373 467 429 537 est,
436 467 552 525 mutare
564 461 700 539 animum,
710 468 741 524 et
754 462 859 543 siquid
871 466 918 524 est
929 461 1048 545 penitus
1060 459 1183 526 insitum

244 555 376 617 moribus
395 555 427 616 id
447 555 545 616 subito
565 555 704 630 evehere5
723 555 775 617 sed
792 560 825 616 te
843 554 917 614 illud
935 555 1076 615 admoneo
1094 553 1182 628 ut,.si

244 645 302 708 hoo
318 646 405 727 plene
418 645 510 707 vitare
527 666 589 707 non
606 651 699 727 potes,
712 645 791 727 quod
808 650 878 707 ante
897 649 1056 726 occupatur
1068 645 1182 707 animus

245 737 281 799 ab
294 737 443 798 iracundia
455 758 543 819 quam
554 737 706 819 providere
724 737 800 799 ratio
817 736 968 819 potuitne
985 741 1184 817 occuparetur,

245 835 281 890 ut
302 835 335 890 te
357 835 427 891 ante
448 850 596 911 compares
616 830 802 910 quotidieque
826 828 967 891 meditere
987 828 1184 890 resistendum

245 941 309 982 esse
329 921 512 996 iracundiae3
535 924 683 1002 quumque¹
706 941 742 982 ea
762 920 886 982 maxime
909 916 1039 990 animm
1060 924 1183 993 moveat,

245 1017 310 1073 tum
328 1012 385 1073 tibi
405 1033 469 1073 esse
489 1012 709 1092 diligentissime
727 1013 859 1092 linguam
877 1011 1091 1087 continendam,
1109 1031 1184 1092 quae

245 1103 361 1185 quidem
384 1105 456 1166 mihi
474 1105 569 1166 virtus
589 1125 653 1167 non
674 1105 824 1178 interdum
846 1104 942 1166 minor
960 1104 1077 1166 videtum
1097 1123 1184 1184 quum

245 1195 363 1257 omnino
381 1217 443 1258 non
459 1196 554 1257 irasci
593 1196 673 1257 Nam
684 1196 758 1256 illud
774 1200 820 1257 est
839 1216 901 1257 non
918 1195 1013 1256 solum
1031 1193 1183 1272 gravitatis

246 1287 298 1349 sed
317 1307 535 1369 nonnumquam
558 1287 648 1350 etiam
668 1287 874 1350 lentitudinisc
900 1286 1044 1349 moderari
1061 1305 1130 1348 vero
1151 1290 1183 1346 et

245 1380 342 1442 animo
361 1386 393 1443 et
412 1381 545 1456 orationi,
558 1400 650 1460 quum
670 1381 711 1442 sis
733 1380 836 1455 iratus,
855 1383 908 1441 aut
927 1379 1016 1441 etiam
1033 1383 1132 1440 tacere
1151 1382 1183 1438 et

244 1476 347 1533 tenere
358 1473 391 1534 in
403 1493 457 1534 sua
469 1477 617 1554 potestate
629 1477 742 1534 motum
755 1471 845 1544 animi
856 1475 889 1534 et
902 1471 1037 1546 dolorem,
1051 1471 1108 1532 etsi
1119 1479 1182 1533 non

245 1569 292 1629 est
303 1565 448 1645 perfectae
461 1565 628 1646 sapientiae,
640 1570 742 1626 tamen
761 1569 808 1626 est
824 1585 886 1633 non
897 1563 1049 1626 mediocris
1060 1561 1181 1644 ingenii.

245 1659 294 1718 89.
313 1656 414 1736 Atque
425 1655 458 1716 in
470 1656 525 1717 hoc
543 1676 649 1736 genere
661 1657 755 1718 multo
768 1661 800 1718 te
812 1676 876 1717 esse
884 1655 946 1737 jam
959 1655 1182 1717 commodiorem

244 1747 445 1828 mitioremque
456 1748 606 1810 nuntiant.
645 1748 754 1809 Nullae
766 1751 837 1808 tuae
849 1746 1078 1809 vehementiores
1091 1747 1182 1808 animi

245 1838 464 1913 concitationes,
476 1840 558 1900 nulla
573 1839 728 1901 maledicta
740 1839 777 1900 ad
793 1860 857 1914 nos,
870 1839 968 1900 nullae
987 1839 1181 1900 contumeliae

244 1929 448 2010 perferuntur3
468 1951 542 2010 quae
554 1950 646 2011 quum
665 1931 823 1993 abhorrent
839 1930 985 2006 alitteris,
999 1930 1036 1990 ab
1048 1929 1182 1999 humani·

244 2025 316 2096 tote,
334 2025 400 2082 tum
410 2041 479 2082 vero
493 2021 639 2084 contraria
653 2026 724 2084 sunt
735 2022 856 2103 imperio
868 2042 902 2083 ac
915 2021 1061 2102 dignitati
1101 2021 1182 2082 Nam

245 2112 272 2174 si
288 2112 480 2192 implacabiles
499 2114 665 2175 iracundiae
684 2114 753 2188 sint,
767 2134 879 2176 summa
894 2119 940 2174 est
953 2112 1114 2175 acerbitasc
1135 2113 1182 2175 sin

245 2210 345 2266 autem
357 2205 523 2283 exorabiles,
538 2226 651 2268 summa
666 2207 787 2269 leuitasz
807 2226 881 2287 quae
892 2211 994 2267 tamen
1004 2211 1041 2266 ut
1054 2204 1088 2267 in
1098 2205 1182 2267 melis

245 2296 398 2358 acerbitati
410 2297 613 2378 anteponenda
625 2303 680 2361 est.

279 2501 314 2550 re
333 2500 397 2548 illud
419 2500 531 2550 amoueo
557 2501 654 2558 at‚‘-ut
674 2504 698 2550 tc
729 2499 987 2564 comingenedncated
1000 2514 1065 2557 man,
1079 2499 1181 2549 endun-

244 2563 312 2626 αἶα]
354 2563 407 2613 ibe
427 2562 477 2613 ‘ut'
497 2565 518 2613 is
538 2564 648 2627 repeated
666 2579 699 2613 on
729 2565 806 2614 suited
823 2568 849 2613 to
866 2564 909 2612 the
924 2564 1045 2624 authority
1059 2563 1107 2612 end
1122 2563 1181 2626 high

243 2629 345 2684 account
360 2627 388 2676 ot
404 2627 446 2676 the
462 2626 563 2676 number
578 2628 606 2676 oi
620 2629 697 2676 words
728 2628 817 2676 station
827 2627 969 2692 (imperium,
983 2627 1093 2692 dignites)
1104 2627 1181 2677 which

243 2689 320 2740 whidr
335 2697 403 2738 come
414 2689 521 2751 between
533 2691 637 2740 thefirst
648 2689 697 2740 ‘ut'
728 2692 760 2739 he
779 2691 843 2740 held
885 2690 989 2754 Perhaps'
1009 2690 1105 2738 Marem
1123 2704 1181 2753 gave

243 2753 332 2815 audite
340 2752 398 2802 verb
409 2753 562 2816 ‘comperce'
729 2755 781 2802 him
796 2755 870 2804 credit
884 2755 921 2802 tor
934 2768 1000 2803 more
1011 2754 1182 2816 improvement

279 2817 618 2880 &minu-Imtindiates]
631 2818 700 2866 “For
729 2819 789 2867 than
804 2818 836 2878 he
851 2817 970 2875 deseram
982 2817 1009 2865 in
1023 2816 1092 2866 order
1101 2820 1128 2866 to
1139 2832 1181 2865 en-

244 2879 440 2942 toovcidfalling
454 2881 506 2929 into
521 2880 699 2944 passionlsthe
729 2882 1013 2944 comagehlmtogoon.

244 2944 313 2992 mark
321 2947 365 2992 not
374 2944 430 3008 only
438 2942 467 2992 of
478 2958 494 2992 a
508 2945 597 2993 certain
606 2944 698 3008 ‹lignity
762 2946 792 2994 St
798 2943 1127 3008 impacatae-antrat]
1140 2944 1182 2993 No

246 3007 274 3056 ci
291 3007 417 3065 character,
432 3007 477 3056 but
495 3008 629 3058 sometimes
647 3009 697 3058 also
729 3009 881 3072 suspiciones
888 3007 1182 3058 Emesti'sismentioned

247 3070 420 3134 ciaslquish
431 3071 594 3134 disposition.”
626 3072 698 3122 Some
728 3073 792 3133 hare,
813 3072 861 3122 end
880 3076 922 3136 yet
943 3073 963 3121 it
982 3073 1003 3120 is
1021 3086 1037 3120 a
1053 3072 1183 3135 suspicions

247 3138 345 3198 persons
364 3135 424 3183 have
443 3150 475 3184 no
496 3139 561 3198 meat
580 3136 651 3184 merit
671 3137 698 3185 in
729 3151 789 3186 case.
822 3137 847 3186 It
857 3136 982 3195 shouldbe
993 3133 1081 3184 ‘sunt'
1144 3165 1148 3182 .

247 3212 320 3247 never
340 3198 430 3260 getting
446 3198 498 3247 into
513 3215 528 3248 a
543 3201 645 3262 passion,
660 3201 698 3248 tor
759 3200 916 3264 Iracundiae]
930 3198 1091 3262 “Theplursl
1101 3197 1184 3248 cithia

247 3261 311 3310 their
331 3265 415 3311 nature
434 3262 456 3311 ts
472 3265 513 3312 too
529 3263 609 3326 torpld
624 3267 650 3313 to
667 3262 698 3313 be
729 3261 1184 3326 abstractnmexpressesheratherepe·

247 3324 342 3374 roused.
358 3325 431 3374 lit-om
439 3325 502 3374 what
516 3325 606 3375 follows
617 3325 699 3390 (‘oon-
729 3327 808 3386 titicn,
823 3327 866 3377 the
880 3326 991 3391 ireqmm
1006 3333 1144 3375 occmrence
1159 3323 1185 3375 oi

248 3389 388 3449 ausones:
416 3389 569 3448 ‘meledicta'
595 3390 642 3438 and
672 3405 699 3440 so
730 3389 876 3454 thething.”
910 3391 999 3454 sapae.

246 3449 518 3514 mummulus
532 3453 700 3506 thstQuintm
764 3453 926 3517 Uttumalie]
960 3452 1182 3502 sumemus.

248 3515 296 3579 had
313 3515 380 3563 otten
394 3514 457 3564 been
470 3515 497 3564 in
511 3516 606 3565 temble
621 3516 700 3576 iuria,
732 3515 1183 3583 “livesetonesvtlsgsinstsnothoe,

248 3578 296 3628 and
306 3579 367 3629 used
380 3578 476 3629 obustae
490 3579 613 3643 homage,
626 3580 701 3631 nubea
732 3581 845 3632 o'nefault
854 3581 947 3644 against
955 3577 1080 3630 onother.''
1099 3578 1182 3642 comp.
