2768 4034
173 283 232 343 118
548 280 738 346 MELIUS.

172 437 241 517 gagi
249 437 318 518 jure
329 437 487 500 vetustatis
499 439 657 520 plur-imm
668 436 887 501 macmlentiae
899 438 1110 521 postulabunt:

172 528 224 608 qui
242 527 410 608 negligendi
422 529 540 609 quidem
558 550 620 592 ποπ
631 535 710 605 sunt,
723 531 776 591 sed
794 530 850 592 alio
864 531 989 611 quodam
1004 531 1111 592 modo:

173 620 258 681 aliter
265 619 411 682 amicitiae
424 620 544 683 stabiles
552 641 721 702 permanere
732 627 937 704 nonpossunt.
969 621 1112 702 Dispares

173 711 252 772 enim
269 731 366 773 mores
386 711 512 792 disparia
531 711 629 774 studia
644 711 811 805 ,sequuntur
830 734 953 794 quorum
966 712 1112 774 dissimili·

173 803 396 865 tudodissociat
414 803 574 879 amicitias,
593 797 1112 892 necobuiamceusamulumponi

173 893 321 975 improbis,
334 893 461 975 improbi
472 894 557 956 bouis
571 895 656 957 amici
667 915 804 957 essenon
816 900 949 976 possunt,
961 895 1024 956 πίει
1033 895 1113 975 quod

173 988 258 1046 tauta
277 991 323 1046 est
341 987 421 1047 inter
441 1006 493 1047 eos
511 992 621 1066 quanta
641 987 767 1047 maxima
787 991 887 1067 potest
909 1005 973 1047 esse
995 1006 1112 1047 morum

175 1077 394 1158 studiorumque
407 1077 554 1139 distantia
595 1076 643 1140 75.
662 1079 756 1139 Recte
769 1078 857 1139 etiem
873 1077 1001 1158 praecipi
1011 1083 1112 1157 potest

174 1167 209 1228 in
227 1168 361 1233 amicitiis
381 1188 420 1228 ne
439 1168 634 1249 intemperate
653 1169 793 1249 quaedam
810 1169 1020 1242 benevolentia,
1033 1169 1111 1247 quod

174 1277 313 1339 persaepe
330 1258 374 1332 fit,
386 1258 525 1340 impediat
545 1279 664 1339 magnes
677 1259 820 1320 utilitates
840 1260 1005 1321 amicorum.
1045 1260 1112 1321 Nec

177 1349 263 1424 enim,
275 1355 312 1411 ut
330 1351 368 1411 ad
385 1350 498 1413 fabulas
515 1352 641 1427 redeam,
654 1352 772 1433 Trojem
784 1351 995 1432 Neoptolemus
1009 1370 1112 1432 capere

176 1441 331 1522 potuisset,
343 1442 370 1503 si
381 1443 575 1524 Lycomedem
588 1443 666 1525 apud
679 1463 764 1524 quem
776 1442 1001 1525 erateducstus,
1011 1442 1113 1504 multis

177 1553 246 1609 cum
257 1533 383 1595 lacrimis
397 1533 456 1595 iter
468 1554 555 1596 suum
566 1534 780 1616 impedientem,
793 1534 894 1603 audire
904 1533 1064 1608 voluisset3
1081 1538 1113 1600 et

178 1644 265 1705 saepe
275 1625 411 1686 incidunt
423 1645 544 1704 maguae
561 1646 609 1687 res
627 1631 663 1687 ut
676 1625 881 1690 discedendum
894 1625 934 1686 sit
945 1624 983 1685 ab
996 1624 1112 1696 amicis:

178 1736 250 1796 quas
268 1715 319 1796 qui
334 1715 474 1797 impedire
485 1717 557 1792 vult,
570 1717 649 1797 quod
661 1717 835 1782 desiderium
850 1719 913 1777 Ι’ποίι
924 1715 1009 1777 facile
1027 1716 1112 1790 ferat,

177 1806 204 1868 is
217 1812 249 1868 et
260 1807 393 1868 infirmus
411 1812 458 1868 est
477 1807 629 1887 mollisque
647 1812 753 1868 natura
769 1812 801 1868 et
813 1807 851 1868 ob
864 1827 928 1867 eam
940 1807 1034 1887 ipsam
1046 1826 1113 1868 cau·

177 1916 239 1958 sam
261 1897 295 1958 ίπ
314 1897 441 1958 amicitia
462 1918 566 1979 parum
581 1899 690 1979 justus.
731 1896 779 1960 76.
798 1898 900 1979 Atque
922 1897 956 1964 in
978 1896 1059 1977 omui
1079 1917 1114 1958 re

177 1987 417 2053 considerandum
439 1994 486 2049 est
512 1994 544 2050 et
566 1988 637 2069 quid
658 1989 789 2068 postules
814 1989 852 2050 ab
872 1987 965 2049 amico
988 1992 1020 2049 et
1043 1988 1113 2069 quid

175 2077 287 2160 patiare
300 2098 318 2139 a
329 2083 361 2140 te
374 2078 533 2159 impetrari.

175 2206 626 2319 ffipurposelylettlathis
658 2207 822 2258 audthallke.
854 2206 1114 2258 Itwasusuallortlrd

369 2274 443 2320 stateo
466 2271 547 2336 “they
563 2275 628 2321 mast
658 2271 759 2336 wsalthy
779 2271 884 2321 Romans
903 2276 930 2320 to
953 2271 1014 2322 have
1034 2271 1113 2322 Greek

176 2333 629 2397 umbeueglecteditistrmbut
658 2335 1112 2400 slavesforthispurposc,audpro·

176 2397 563 2461 thcyasetabedsaltvithlua
616 2425 628 2439 ·
657 2396 1113 2462 bablyttsname‘pocdagogua'was

177 2460 544 2524 tmmmdauiuoeentwayfl
608 2462 614 2476 '
657 2462 797 2512 mustaceo
820 2463 879 2511 with
903 2462 946 2511 the
966 2463 1067 2526 prectioe
1087 2463 1116 2511 of

178 2523 630 2577 isacauiuwhichahtluscnteuce
659 2527 794 2589 employiug
815 2525 895 2576 Greek
914 2527 990 2576 slaves
1009 2530 1036 2575 to
1056 2526 1113 2575 look

180 2586 627 2649 momuueverborverballorm
659 2588 842 2638 estsrchildreu.

181 2648 292 2698 orchim
302 2665 374 2713 many
382 2652 500 2715 exemplos
513 2651 630 2713 mightbe
691 2652 938 2716 Etecepelaos'daat]
972 2651 1113 2709 lharelol-

181 2711 251 2760 cited.
290 2713 342 2761 uuo
361 2713 460 2775 English
480 2715 630 2764 moncels
659 2714 736 2764 lowad
751 2715 851 2778 Seyffert
865 2715 892 2764 in
907 2715 1115 2778 makingthiath'e

180 2775 631 2840 dmostmmteuigihleitthmbor
661 2778 1115 2842 seeondpartofthescateneevhich

181 2833 338 2889 vsrbailerm
356 2839 387 2888 be
405 2844 450 2890 not
465 2841 549 2890 added.
579 2841 632 2892 The
661 2840 1115 2906 begias‘neoenim.'asitmauifestly

181 2901 259 2951 words
276 2902 368 2952 “aliter
375 2903 515 2964 amicit'as‚”
526 2908 578 2964 dec..
593 2919 632 2953 re·
662 2905 691 2954 is.
723 2904 1059 2968 eompareuneqnomrebm
1068 2906 1114 2953 hu-

181 2963 632 3030 !oetcthebegiuulngolthesm·
662 2967 1115 3027 mauis-et,’‘c.21.⁴Diseedendum

181 3031 260 3088 teuce,
278 3029 411 3084 ‚⁸⁶0mnlno
430 3031 632 3093 amicitiae-iu·
664 3029 777 3080 sit'doss
791 3035 835 3080 not
852 3046 921 3080 mean
936 3031 1118 3094 cheulingo!

182 3091 295 3142 dicendae
316 3093 404 3142 suut=”
431 3094 478 3143 aad
497 3094 540 3144 ue
558 3093 634 3142 whole
664 3094 1033 3159 lrlendslrlptutatemporasy
1047 3109 1115 3159 sepa·

181 3154 635 3222 thatliesbetweeaispassuthetioel
664 3158 879 3218 ratiouolffieuds.
906 3175 911 3188 ¹

181 3218 241 3276 seith
256 3220 376 3270 referem
394 3225 421 3269 to
441 3222 509 3270 these
528 3225 576 3271 two
593 3235 634 3269 ex·
695 3222 792 3286 Jmm]
826 3220 1115 3285 Doesuetmeaa⁴just‚'

182 3286 278 3331 meme.
479 3335 481 3338 ,
665 3284 691 3349 It
715 3299 796 3334 means
822 3283 938 3346 ‘petae'
973 3283 997 3333 Δ
1022 3286 1116 3346 ‘justus

215 3345 366 3410 Paedcqopt]
409 3346 433 3396 Δ
462 3346 539 3396 Greek
563 3346 633 3404 word,
665 3345 766 3396 emioos’
792 3347 813 3396 is
838 3361 854 3394 a
877 3347 1000 3409 complete,
1027 3347 1117 3410 perfect

184 3406 417 3470 ‘eneconem’
451 3410 526 3459 slaves
557 3410 635 3458 whose
664 3409 784 3468 friends
799 3424 856 3458 man
873 3410 926 3456 who
941 3410 1013 3458 fultls
1029 3410 1117 3460 allthe

183 3470 634 3522 emmammmkmmtil-
665 3471 973 3532 cauditiousoffrieadahip.

183 3533 250 3594 drea,
270 3538 297 3594 te
316 3535 397 3584 ostend
416 3536 484 3584 them
503 3539 531 3584 to
547 3535 634 3594 school,
