2768 4034
583 283 875 371 omnm
1155 287 1196 346 oe

257 443 356 505 datam
369 445 561 518 oonservaret,
574 462 636 504 non
654 441 712 503 duo
732 441 882 522 Scipiones
895 439 947 521 qui
958 438 1017 501 iter
1030 439 1137 502 Poenis
1150 441 1197 502 vel

256 534 427 615 eorporibus
447 533 509 595 suis
528 534 679 596 obstruere
690 533 855 608 voluerunt,
872 552 934 593 non
954 551 1040 593 avum
1058 536 1146 593 tuum
1158 532 1194 592 L.

257 626 394 688 Paullum
410 626 462 707 qni
482 631 576 687 morte
594 625 651 686 luit
671 625 797 704 ooliegae
816 623 850 684 in
869 624 1019 686 Cannensi
1036 623 1195 702 ignominia

255 719 461 791 temeritatem,
468 737 530 779 non
539 717 585 778 M.
593 717 765 778 Marcellum
777 716 863 798 eujus
875 715 1030 777 interitum
1041 735 1080 776 ne
1093 715 1194 776 erude-

256 807 385 869 lissimus
395 807 510 888 quidem
519 808 612 869 hostis
625 808 735 868 honore
744 807 912 887 sepulturae
920 826 1017 867 earere
1026 826 1131 887 passus
1139 812 1193 880 est,

257 900 310 960 sed
326 899 455 979 legiones
474 904 598 975 nostras,
611 899 690 980 quod
711 898 815 980 s'oripsi
833 899 866 959 in
880 899 1061 978 Originibus,
1074 899 1107 959 in
1126 919 1194 959 eum

257 1010 343 1071 saepe
351 990 447 1056 looum
455 991 599 1071 profeotas
612 989 700 1052 moi
712 991 810 1052 animo
823 996 854 1052 et
866 996 972 1065 erecto,
980 990 1060 1051 unde
1074 1002 1105 1051 se
1117 1011 1193 1065 nun·

256 1101 342 1161 quam
353 1081 497 1145 redituras
507 1081 726 1143 arbitrarentur.
755 1081 843 1159 Quod
851 1081 944 1160 igitur
953 1082 1151 1144 adolesoentes
1161 1088 1193 1144 et

254 1173 278 1233 ii
287 1173 403 1253 quidem
413 1194 475 1235 non
488 1173 581 1234 solum
590 1173 702 1235 indoo'ti
711 1173 764 1233 sed
776 1173 864 1233 etiam
873 1173 977 1234 rustioi
989 1178 1192 1250 oontemnunt,

253 1264 285 1326 id
297 1265 376 1326 dooti
388 1285 472 1327 senes
485 1264 698 1326 extimesoenti’
731 1264 779 1327 76.
795 1264 931 1340 Omnino,
941 1268 978 1326 ut
990 1265 1063 1325 mihi
1074 1264 1192 1347 quidem

253 1356 375 1433 videtin,
389 1357 552 1419 studiorum
565 1357 696 1418 omnium
709 1356 829 1418 satietas
841 1356 919 1417 vitae
931 1355 1002 1417 feeit
1016 1356 1190 1433 sotietatem.

254 1449 331 1510 Sunt
341 1449 484 1531 pueritiae
496 1455 577 1511 oerta
590 1448 703 1510 studia:
717 1469 790 1510 num
802 1447 894 1529 igitur
903 1468 939 1510 ea
948 1448 1114 1510 desiderant
1123 1448 1191 1510 ado-

252 1541 417 1603 leseentesi’
444 1542 520 1602 Sunt
529 1541 660 1603 ineuntis
670 1540 898 1602 adolescentiae:
918 1560 992 1601 num
1003 1559 1039 1600 ea
1051 1545 1190 1622 oonetans

248 1633 308 1714 jem
320 1633 442 1714 requirit
454 1639 535 1694 aetas
548 1653 622 1714 quae
634 1632 731 1694 media
742 1631 874 1694 dieitur?
909 1634 986 1693 Sunt
999 1632 1088 1693 etism
1099 1631 1190 1713 hujus

252 1725 372 1787 astutior
392 1745 431 1786 ne
444 1745 479 1786 ea
491 1725 607 1806 quidem
620 1730 802 1805 quaeruntur
813 1724 846 1784 in
855 1729 1017 1785 senectute.
1052 1724 1128 1784 Sunt
1141 1743 1190 1784 ex·

252 1820 345 1876 trema
367 1816 507 1897 quaedam
530 1816 629 1877 studia
650 1815 830 1877 seneotutis:
859 1836 928 1894 ergo
949 1820 986 1875 ut
1007 1815 1190 1896 superiorum

252 1911 381 1968 aetatum
401 1907 499 1969 studia
510 1907 663 1981 'oooidunt
683 1907 726 1968 sio
748 1907 886 1968 oooidunt
906 1906 995 1968 etiam
1018 1907 1188 1968 senectutis.

253 1997 339 2075 Quod
350 2019 441 2079 quum
453 1998 559 2075 euenit,
573 1999 693 2061 satietas
705 1999 782 2061 vitoe
795 2005 913 2081 tempus
925 2003 1072 2061 maturum
1085 1999 1189 2063 mortis

251 2091 345 2155 affert.

289 2182 379 2244 XXI.
399 2181 448 2245 77.
468 2183 612 2264 Equidem
634 2203 697 2245 non
713 2177 797 2245 iideo
819 2203 871 2244 our
891 2183 962 2264 quid
979 2183 1043 2265 ipse
1064 2182 1189 2246 sentiam

252 2273 288 2335 de
303 2278 398 2336 morte
417 2295 480 2336 non
498 2275 714 2338 audeamvobis
727 2275 832 2352 dioere,
845 2276 923 2356 quod
940 2296 975 2336 eo
994 2275 1099 2337 melius
1116 2275 1189 2337 mihi

252 2385 369 2427 eernere
387 2365 564 2447 videorque
585 2367 621 2428 ab
645 2387 680 2427 ea
697 2367 818 2448 propius
841 2368 952 2429 absum.
991 2368 1056 2447 Ego
1074 2374 1187 2430 vestros

249 2462 358 2538 patres,
373 2459 407 2521 P.
417 2457 522 2538 Scipio,
535 2463 627 2538 tuque
639 2458 673 2520 O.
682 2458 773 2532 laeli,
783 2459 860 2520 viros
874 2457 1047 2519 clarissimos
1059 2459 1186 2539 mihique

250 2546 438 2611 amicissimos
451 2549 547 2610 virere
559 2549 691 2623 arbitror,
705 2554 738 2610 ot
750 2569 814 2610 eam
828 2550 945 2631 quidem
953 2550 1043 2610 vitam
1053 2570 1127 2631 quae
1139 2556 1187 2611 est

250 2637 311 2699 sola
331 2638 392 2702 vita
412 2639 598 2700 nominanda.
637 2640 717 2701 Nam
740 2640 810 2701 dum
833 2660 934 2702 sumus
953 2640 986 2701 in
1010 2641 1058 2702 his
1079 2641 1186 2702 inolusi

248 2730 435 2811 compagibus
447 2732 584 2812 eorporis,
594 2752 715 2793 munere
728 2732 853 2813 quodam
864 2733 1048 2795 neoessitatis
1060 2738 1092 2794 et
1104 2733 1185 2813 gravi

248 2859 349 2909 osismios
373 2860 395 2909 is
416 2860 448 2909 he
474 2860 516 2909 did
537 2864 581 2909 not
602 2859 700 2909 suooeod
730 2860 910 2911 ineumlooom
920 2861 1109 2925 proiectasuode
1121 2863 1184 2912 redi·

248 2923 698 3038 (Hdfflffldffiaidiiaumu
729 2925 1095 3048 muffippipepmme’
1112 2926 1185 2978 ω’

247 3066 280 3100 sn
297 3021 436 3101 amburendo
453 3023 510 3101 deor
527 3021 656 3102 unionum
671 3051 699 3100 in
729 3003 904 3102 parssmmm
915 3023 1032 3119 onmium]
1051 3053 1184 3105 Or‘rsrum

248 3114 534 3236 mutuum
547 3116 698 3243 mse
729 3116 1186 3232 firmaturum

248 3446 312 3480 me
331 3433 354 3480 s
374 3433 425 3481 ms
444 3434 471 3482 u
492 3433 534 3481 u·
553 3401 700 3481 ruarmo
730 3405 1012 3484 numericorum·
1027 3435 1184 3500 septussis·

248 3495 426 3558 Disputationes
452 3495 479 3561 (i.
503 3497 560 3560 42)=
592 3497 699 3549 “Quum
729 3497 851 3547 ummo.
864 3499 919 3549 190.

247 3559 699 3626 leglouessuibatcatosaepeoiaores
902 3599 906 3612 .
